@ARTICLE{ElBadry18,
   author = {{El-Badry}, K. and {Rix}, H.-W. and {Ting}, Y.-S. and {Weisz}, D.~R. and 
        {Bergemann}, M. and {Cargile}, P. and {Conroy}, C. and {Eilers}, A.-C.
        },
    title = "{Signatures of unresolved binaries in stellar spectra: implications for spectral fitting}",
  journal = {\mnras},
archivePrefix = "arXiv",
   eprint = {1709.03983},
 primaryClass = "astro-ph.SR",
 keywords = {methods: data analysis, stars: abundances, binaries: spectroscopic, Galaxy: stellar content},
     year = 2018,
    month = feb,
   volume = 473,
    pages = {5043-5049},
      doi = {10.1093/mnras/stx2758},
   adsurl = {http://adsabs.harvard.edu/abs/2018MNRAS.473.5043E},
  adsnote = {Provided by the SAO/NASA Astrophysics Data System}
}

@ARTICLE{Gilhool18,
   author = {{Gilhool}, S.~H. and {Blake}, C.~H. and {Terrien}, R.~C. and 
        {Bender}, C. and {Mahadevan}, S. and {Deshpande}, R.},
    title = "{The Rotation of M Dwarfs Observed by the Apache Point Galactic Evolution Experiment}",
  journal = {\aj},
archivePrefix = "arXiv",
   eprint = {1711.07973},
 primaryClass = "astro-ph.SR",
 keywords = {stars: fundamental parameters, stars: late-type, stars: low-mass, stars: rotation },
     year = 2018,
    month = jan,
   volume = 155,
      eid = {38},
    pages = {38},
      doi = {10.3847/1538-3881/aa9c7c},
   adsurl = {http://adsabs.harvard.edu/abs/2018AJ....155...38G},
  adsnote = {Provided by the SAO/NASA Astrophysics Data System}
}


@ARTICLE{Jackson18,
   author = {{Jackson}, R.~J. and {Deliyannis}, C.~P. and {Jeffries}, R.~D.
        },
    title = "{The inflated radii of M-dwarfs in the Pleiades}",
  journal = {\mnras},
archivePrefix = "arXiv",
   eprint = {1802.04288},
 primaryClass = "astro-ph.SR",
 keywords = {stars: magnetic activity; stars: low-mass, stars: evolution, stars: pre-main-sequence, clusters and associations: general, starspots},
     year = 2018,
    month = feb,
      doi = {10.1093/mnras/sty374},
   adsurl = {http://adsabs.harvard.edu/abs/2018MNRAS.tmp..388J},
  adsnote = {Provided by the SAO/NASA Astrophysics Data System}
}




@ARTICLE{Blanton17,
   author = {{Blanton}, M.~R. and {Bershady}, M.~A. and {Abolfathi}, B. and 
        {Albareti}, F.~D. and {Allende Prieto}, C. and {Almeida}, A. and 
        {Alonso-Garc{\'{\i}}a}, J. and {Anders}, F. and {Anderson}, S.~F. and 
        {Andrews}, B. and et al.},
    title = "{Sloan Digital Sky Survey IV: Mapping the Milky Way, Nearby Galaxies, and the Distant Universe}",
  journal = {\aj},
archivePrefix = "arXiv",
   eprint = {1703.00052},
 keywords = {cosmology: observations, galaxies: general, Galaxy: general, instrumentation: spectrographs, stars: general, surveys},
     year = 2017,
    month = jul,
   volume = 154,
      eid = {28},
    pages = {28},
      doi = {10.3847/1538-3881/aa7567},
   adsurl = {http://adsabs.harvard.edu/abs/2017AJ....154...28B},
  adsnote = {Provided by the SAO/NASA Astrophysics Data System}
}


@ARTICLE{Majewski17,
   author = {{Majewski}, S.~R. and {Schiavon}, R.~P. and {Frinchaboy}, P.~M. and 
        {Allende Prieto}, C. and {Barkhouser}, R. and {Bizyaev}, D. and 
        {Blank}, B. and {Brunner}, S. and {Burton}, A. and {Carrera}, R. and 
        {Chojnowski}, S.~D. and {Cunha}, K. and {Epstein}, C. and {Fitzgerald}, G. and 
        {Garc{\'{\i}}a P{\'e}rez}, A.~E. and {Hearty}, F.~R. and {Henderson}, C. and 
        {Holtzman}, J.~A. and {Johnson}, J.~A. and {Lam}, C.~R. and 
        {Lawler}, J.~E. and {Maseman}, P. and {M{\'e}sz{\'a}ros}, S. and 
        {Nelson}, M. and {Nguyen}, D.~C. and {Nidever}, D.~L. and {Pinsonneault}, M. and 
        {Shetrone}, M. and {Smee}, S. and {Smith}, V.~V. and {Stolberg}, T. and 
        {Skrutskie}, M.~F. and {Walker}, E. and {Wilson}, J.~C. and 
        {Zasowski}, G. and {Anders}, F. and {Basu}, S. and {Beland}, S. and 
        {Blanton}, M.~R. and {Bovy}, J. and {Brownstein}, J.~R. and 
        {Carlberg}, J. and {Chaplin}, W. and {Chiappini}, C. and {Eisenstein}, D.~J. and 
        {Elsworth}, Y. and {Feuillet}, D. and {Fleming}, S.~W. and {Galbraith-Frew}, J. and 
        {Garc{\'{\i}}a}, R.~A. and {Garc{\'{\i}}a-Hern{\'a}ndez}, D.~A. and 
        {Gillespie}, B.~A. and {Girardi}, L. and {Gunn}, J.~E. and {Hasselquist}, S. and 
        {Hayden}, M.~R. and {Hekker}, S. and {Ivans}, I. and {Kinemuchi}, K. and 
        {Klaene}, M. and {Mahadevan}, S. and {Mathur}, S. and {Mosser}, B. and 
        {Muna}, D. and {Munn}, J.~A. and {Nichol}, R.~C. and {O'Connell}, R.~W. and 
        {Parejko}, J.~K. and {Robin}, A.~C. and {Rocha-Pinto}, H. and 
        {Schultheis}, M. and {Serenelli}, A.~M. and {Shane}, N. and 
        {Silva Aguirre}, V. and {Sobeck}, J.~S. and {Thompson}, B. and 
        {Troup}, N.~W. and {Weinberg}, D.~H. and {Zamora}, O.},
    title = "{The Apache Point Observatory Galactic Evolution Experiment (APOGEE)}",
  journal = {\aj},
archivePrefix = "arXiv",
   eprint = {1509.05420},
 primaryClass = "astro-ph.IM",
 keywords = {Galaxy: abundances, Galaxy: evolution, Galaxy: formation, Galaxy: kinematics and dynamics, Galaxy: stellar content, Galaxy: structure},
     year = 2017,
    month = sep,
   volume = 154,
      eid = {94},
    pages = {94},
      doi = {10.3847/1538-3881/aa784d},
   adsurl = {http://adsabs.harvard.edu/abs/2017AJ....154...94M},
  adsnote = {Provided by the SAO/NASA Astrophysics Data System}
}

@ARTICLE{Mathur17,
   author = {{Mathur}, S. and {Huber}, D. and {Batalha}, N.~M. and {Ciardi}, D.~R. and 
        {Bastien}, F.~A. and {Bieryla}, A. and {Buchhave}, L.~A. and 
        {Cochran}, W.~D. and {Endl}, M. and {Esquerdo}, G.~A. and {Furlan}, E. and 
        {Howard}, A. and {Howell}, S.~B. and {Isaacson}, H. and {Latham}, D.~W. and 
        {MacQueen}, P.~J. and {Silva}, D.~R.},
    title = "{Revised Stellar Properties of Kepler Targets for the Q1-17 (DR25) Transit Detection Run}",
  journal = {\apjs},
archivePrefix = "arXiv",
   eprint = {1609.04128},
 primaryClass = "astro-ph.SR",
 keywords = {catalogs, planetary systems, stars: distances, stars: evolution, stars: fundamental parameters},
     year = 2017,
    month = apr,
   volume = 229,
      eid = {30},
    pages = {30},
      doi = {10.3847/1538-4365/229/2/30},
   adsurl = {http://adsabs.harvard.edu/abs/2017ApJS..229...30M},
  adsnote = {Provided by the SAO/NASA Astrophysics Data System}
}

@ARTICLE{Rebull17,
   author = {{Rebull}, L.~M. and {Stauffer}, J.~R. and {Hillenbrand}, L.~A. and 
        {Cody}, A.~M. and {Bouvier}, J. and {Soderblom}, D.~R. and {Pinsonneault}, M. and 
        {Hebb}, L.},
    title = "{Rotation of Late-type Stars in Praesepe with K2}",
  journal = {\apj},
archivePrefix = "arXiv",
   eprint = {1703.07031},
 primaryClass = "astro-ph.SR",
 keywords = {stars: rotation, stars: variables: general},
     year = 2017,
    month = apr,
   volume = 839,
      eid = {92},
    pages = {92},
      doi = {10.3847/1538-4357/aa6aa4},
   adsurl = {http://adsabs.harvard.edu/abs/2017ApJ...839...92R},
  adsnote = {Provided by the SAO/NASA Astrophysics Data System}
}




@ARTICLE{Serenelli17,
   author = {{Serenelli}, A. and {Johnson}, J. and {Huber}, D. and {Pinsonneault}, M. and 
        {Ball}, W.~H. and {Tayar}, J. and {Silva Aguirre}, V. and {Basu}, S. and 
        {Troup}, N. and {Hekker}, S. and {Kallinger}, T. and {Stello}, D. and 
        {Davies}, G.~R. and {Lund}, M.~N. and {Mathur}, S. and {Mosser}, B. and 
        {Stassun}, K.~G. and {Chaplin}, W.~J. and {Elsworth}, Y. and 
        {Garc{\'{\i}}a}, R.~A. and {Handberg}, R. and {Holtzman}, J. and 
        {Hearty}, F. and {Garc{\'{\i}}a-Hern{\'a}ndez}, D.~A. and {Gaulme}, P. and 
        {Zamora}, O.},
    title = "{The First APOKASC Catalog of Kepler Dwarf and Subgiant Stars}",
  journal = {\apjs},
archivePrefix = "arXiv",
   eprint = {1710.06858},
 primaryClass = "astro-ph.SR",
 keywords = {asteroseismology, catalogs, stars: fundamental parameters, surveys },
     year = 2017,
    month = dec,
   volume = 233,
      eid = {23},
    pages = {23},
      doi = {10.3847/1538-4365/aa97df},
   adsurl = {http://adsabs.harvard.edu/abs/2017ApJS..233...23S},
  adsnote = {Provided by the SAO/NASA Astrophysics Data System}
}

@ARTICLE{Stevens17,
   author = {{Stevens}, D.~J. and {Stassun}, K.~G. and {Gaudi}, B.~S.},
    title = "{Empirical Bolometric Fluxes and Angular Diameters of 1.6 Million Tycho-2 Stars and Radii of 350,000 Stars with Gaia DR1 Parallaxes}",
  journal = {\aj},
archivePrefix = "arXiv",
   eprint = {1708.05025},
 primaryClass = "astro-ph.SR",
 keywords = {catalogs, stars: fundamental parameters},
     year = 2017,
    month = dec,
   volume = 154,
      eid = {259},
    pages = {259},
      doi = {10.3847/1538-3881/aa957b},
   adsurl = {http://adsabs.harvard.edu/abs/2017AJ....154..259S},
  adsnote = {Provided by the SAO/NASA Astrophysics Data System}
}




@ARTICLE{Zasowski17,
   author = {{Zasowski}, G. and {Cohen}, R.~E. and {Chojnowski}, S.~D. and 
        {Santana}, F. and {Oelkers}, R.~J. and {Andrews}, B. and {Beaton}, R.~L. and 
        {Bender}, C. and {Bird}, J.~C. and {Bovy}, J. and {Carlberg}, J.~K. and 
        {Covey}, K. and {Cunha}, K. and {Dell'Agli}, F. and {Fleming}, S.~W. and 
        {Frinchaboy}, P.~M. and {Garc{\'{\i}}a-Hern{\'a}ndez}, D.~A. and 
        {Harding}, P. and {Holtzman}, J. and {Johnson}, J.~A. and {Kollmeier}, J.~A. and 
        {Majewski}, S.~R. and {M{\'e}sz{\'a}ros}, S. and {Munn}, J. and 
        {Mu{\~n}oz}, R.~R. and {Ness}, M.~K. and {Nidever}, D.~L. and 
        {Poleski}, R. and {Rom{\'a}n-Z{\'u}{\~n}iga}, C. and {Shetrone}, M. and 
        {Simon}, J.~D. and {Smith}, V.~V. and {Sobeck}, J.~S. and {Stringfellow}, G.~S. and 
        {Szigeti{\'a}ros}, L. and {Tayar}, J. and {Troup}, N.},
    title = "{Target Selection for the SDSS-IV APOGEE-2 Survey}",
  journal = {\aj},
archivePrefix = "arXiv",
   eprint = {1708.00155},
 keywords = {surveys, Galaxy: stellar content, Galaxy: evolution, stars: general},
     year = 2017,
    month = nov,
   volume = 154,
      eid = {198},
    pages = {198},
      doi = {10.3847/1538-3881/aa8df9},
   adsurl = {http://adsabs.harvard.edu/abs/2017AJ....154..198Z},
  adsnote = {Provided by the SAO/NASA Astrophysics Data System}
}



@ARTICLE{Abdul16,
   author = {{Abdul-Masih}, M. and {Pr{\v s}a}, A. and {Conroy}, K. and {Bloemen}, S. and 
        {Boyajian}, T. and {Doyle}, L.~R. and {Johnston}, C. and {Kostov}, V. and 
        {Latham}, D.~W. and {Matijevi{\v c}}, G. and {Shporer}, A. and 
        {Southworth}, J.},
    title = "{Kepler Eclipsing Binary Stars. VIII. Identification of False Positive Eclipsing Binaries and Re-extraction of New Light Curves}",
  journal = {\aj},
archivePrefix = "arXiv",
   eprint = {1602.05932},
 primaryClass = "astro-ph.SR",
 keywords = {binaries: eclipsing, catalogs, methods: analytical, methods: data analysis, methods: statistical, techniques: photometric},
     year = 2016,
    month = apr,
   volume = 151,
      eid = {101},
    pages = {101},
      doi = {10.3847/0004-6256/151/4/101},
   adsurl = {http://adsabs.harvard.edu/abs/2016AJ....151..101A},
  adsnote = {Provided by the SAO/NASA Astrophysics Data System}
}

@ARTICLE{Casagrande16,
   author = {{Casagrande}, L. and {Silva Aguirre}, V. and {Schlesinger}, K.~J. and 
        {Stello}, D. and {Huber}, D. and {Serenelli}, A.~M. and {Sch{\"o}nrich}, R. and 
        {Cassisi}, S. and {Pietrinferni}, A. and {Hodgkin}, S. and {Milone}, A.~P. and 
        {Feltzing}, S. and {Asplund}, M.},
    title = "{Measuring the vertical age structure of the Galactic disc using asteroseismology and SAGA}",
  journal = {\mnras},
archivePrefix = "arXiv",
   eprint = {1510.01376},
 keywords = {asteroseismology, stars: distances, stars: fundamental parameters, stars: general, Galaxy: disc, Galaxy: evolution},
     year = 2016,
    month = jan,
   volume = 455,
    pages = {987-1007},
      doi = {10.1093/mnras/stv2320},
   adsurl = {http://adsabs.harvard.edu/abs/2016MNRAS.455..987C},
  adsnote = {Provided by the SAO/NASA Astrophysics Data System}
}

@ARTICLE{GarciaPerez16,
   author = {{Garc{\'{\i}}a P{\'e}rez}, A.~E. and {Allende Prieto}, C. and 
        {Holtzman}, J.~A. and {Shetrone}, M. and {M{\'e}sz{\'a}ros}, S. and 
        {Bizyaev}, D. and {Carrera}, R. and {Cunha}, K. and {Garc{\'{\i}}a-Hern{\'a}ndez}, D.~A. and 
        {Johnson}, J.~A. and {Majewski}, S.~R. and {Nidever}, D.~L. and 
        {Schiavon}, R.~P. and {Shane}, N. and {Smith}, V.~V. and {Sobeck}, J. and 
        {Troup}, N. and {Zamora}, O. and {Weinberg}, D.~H. and {Bovy}, J. and 
        {Eisenstein}, D.~J. and {Feuillet}, D. and {Frinchaboy}, P.~M. and 
        {Hayden}, M.~R. and {Hearty}, F.~R. and {Nguyen}, D.~C. and 
        {O'Connell}, R.~W. and {Pinsonneault}, M.~H. and {Wilson}, J.~C. and 
        {Zasowski}, G.},
    title = "{ASPCAP: The APOGEE Stellar Parameter and Chemical Abundances Pipeline}",
  journal = {\aj},
archivePrefix = "arXiv",
   eprint = {1510.07635},
 primaryClass = "astro-ph.SR",
 keywords = {Galaxy: center, Galaxy: structure, methods: data analysis, stars: abundances, stars: atmospheres},
     year = 2016,
    month = jun,
   volume = 151,
      eid = {144},
    pages = {144},
      doi = {10.3847/0004-6256/151/6/144},
   adsurl = {http://adsabs.harvard.edu/abs/2016AJ....151..144G},
  adsnote = {Provided by the SAO/NASA Astrophysics Data System}
}

@ARTICLE{Jackson16,
   author = {{Jackson}, R.~J. and {Jeffries}, R.~D. and {Randich}, S. and 
        {Bragaglia}, A. and {Carraro}, G. and {Costado}, M.~T. and {Flaccomio}, E. and 
        {Lanzafame}, A.~C. and {Lardo}, C. and {Monaco}, L. and {Morbidelli}, L. and 
        {Smiljanic}, R. and {Zaggia}, S.},
    title = "{The Gaia-ESO Survey: Stellar radii in the young open clusters NGC 2264, NGC 2547, and NGC 2516}",
  journal = {\aap},
archivePrefix = "arXiv",
   eprint = {1511.06900},
 primaryClass = "astro-ph.SR",
 keywords = {stars: rotation, stars: low-mass, stars: activity, open clusters and associations: individual: NGC 2264, open clusters and associations: individual: NGC 2547, open clusters and associations: individual: NGC 2516},
     year = 2016,
    month = feb,
   volume = 586,
      eid = {A52},
    pages = {A52},
      doi = {10.1051/0004-6361/201527507},
   adsurl = {http://adsabs.harvard.edu/abs/2016A%26A...586A..52J},
  adsnote = {Provided by the SAO/NASA Astrophysics Data System}
}



@ARTICLE{Kirk16,
   author = {{Kirk}, B. and {Conroy}, K. and {Pr{\v s}a}, A. and {Abdul-Masih}, M. and 
        {Kochoska}, A. and {Matijevi{\v c}}, G. and {Hambleton}, K. and 
        {Barclay}, T. and {Bloemen}, S. and {Boyajian}, T. and {Doyle}, L.~R. and 
        {Fulton}, B.~J. and {Hoekstra}, A.~J. and {Jek}, K. and {Kane}, S.~R. and 
        {Kostov}, V. and {Latham}, D. and {Mazeh}, T. and {Orosz}, J.~A. and 
        {Pepper}, J. and {Quarles}, B. and {Ragozzine}, D. and {Shporer}, A. and 
        {Southworth}, J. and {Stassun}, K. and {Thompson}, S.~E. and 
        {Welsh}, W.~F. and {Agol}, E. and {Derekas}, A. and {Devor}, J. and 
        {Fischer}, D. and {Green}, G. and {Gropp}, J. and {Jacobs}, T. and 
        {Johnston}, C. and {LaCourse}, D.~M. and {Saetre}, K. and {Schwengeler}, H. and 
        {Toczyski}, J. and {Werner}, G. and {Garrett}, M. and {Gore}, J. and 
        {Martinez}, A.~O. and {Spitzer}, I. and {Stevick}, J. and {Thomadis}, P.~C. and 
        {Vrijmoet}, E.~H. and {Yenawine}, M. and {Batalha}, N. and {Borucki}, W.
        },
    title = "{Kepler Eclipsing Binary Stars. VII. The Catalog of Eclipsing Binaries Found in the Entire Kepler Data Set}",
  journal = {\aj},
archivePrefix = "arXiv",
   eprint = {1512.08830},
 primaryClass = "astro-ph.SR",
 keywords = {binaries: eclipsing, catalogs, methods: data analysis, methods: numerical, stars: fundamental parameters, stars: statistics},
     year = 2016,
    month = mar,
   volume = 151,
      eid = {68},
    pages = {68},
      doi = {10.3847/0004-6256/151/3/68},
   adsurl = {http://adsabs.harvard.edu/abs/2016AJ....151...68K},
  adsnote = {Provided by the SAO/NASA Astrophysics Data System}
}



@ARTICLE{Makarov16,
   author = {{Makarov}, V.~V. and {Goldin}, A.},
    title = "{Variability-induced Motion in Kepler Data}",
  journal = {\apjs},
archivePrefix = "arXiv",
   eprint = {1603.06939},
 primaryClass = "astro-ph.SR",
 keywords = {astrometry, binaries: visual, techniques: photometric},
     year = 2016,
    month = jun,
   volume = 224,
      eid = {19},
    pages = {19},
      doi = {10.3847/0067-0049/224/2/19},
   adsurl = {http://adsabs.harvard.edu/abs/2016ApJS..224...19M},
  adsnote = {Provided by the SAO/NASA Astrophysics Data System}
}

@ARTICLE{RebassaMansergas16,
   author = {{Rebassa-Mansergas}, A. and {Ren}, J.~J. and {Parsons}, S.~G. and 
	{G{\"a}nsicke}, B.~T. and {Schreiber}, M.~R. and {Garc{\'{\i}}a-Berro}, E. and 
	{Liu}, X.-W. and {Koester}, D.},
    title = "{The SDSS spectroscopic catalogue of white dwarf-main-sequence binaries: new identifications from DR 9-12}",
  journal = {\mnras},
archivePrefix = "arXiv",
   eprint = {1603.01017},
 primaryClass = "astro-ph.SR",
 keywords = {binaries: close, binaries: spectroscopic, stars: low-mass, white dwarfs},
     year = 2016,
    month = jun,
   volume = 458,
    pages = {3808-3819},
      doi = {10.1093/mnras/stw554},
   adsurl = {http://adsabs.harvard.edu/abs/2016MNRAS.458.3808R},
  adsnote = {Provided by the SAO/NASA Astrophysics Data System}
}




@ARTICLE{Rebull16,
   author = {{Rebull}, L.~M. and {Stauffer}, J.~R. and {Bouvier}, J. and 
        {Cody}, A.~M. and {Hillenbrand}, L.~A. and {Soderblom}, D.~R. and 
        {Valenti}, J. and {Barrado}, D. and {Bouy}, H. and {Ciardi}, D. and 
        {Pinsonneault}, M. and {Stassun}, K. and {Micela}, G. and {Aigrain}, S. and 
        {Vrba}, F. and {Somers}, G. and {Christiansen}, J. and {Gillen}, E. and 
        {Collier Cameron}, A.},
    title = "{Rotation in the Pleiades with K2. I. Data and First Results}",
  journal = {\aj},
archivePrefix = "arXiv",
   eprint = {1606.00052},
 primaryClass = "astro-ph.SR",
 keywords = {globular clusters: individual: Pleiades, stars: rotation },
     year = 2016,
    month = nov,
   volume = 152,
      eid = {113},
    pages = {113},
      doi = {10.3847/0004-6256/152/5/113},
   adsurl = {http://adsabs.harvard.edu/abs/2016AJ....152..113R},
  adsnote = {Provided by the SAO/NASA Astrophysics Data System}
}

@ARTICLE{Nelemans16,
   author = {{Nelemans}, G. and {Siess}, L. and {Repetto}, S. and {Toonen}, S. and 
	{Phinney}, E.~S.},
    title = "{The Formation of Cataclysmic Variables: The Influence of Nova Eruptions}",
  journal = {\apj},
archivePrefix = "arXiv",
   eprint = {1511.07701},
 primaryClass = "astro-ph.SR",
 keywords = {binaries: close, novae, cataclysmic variables, stars: evolution},
     year = 2016,
    month = jan,
   volume = 817,
      eid = {69},
    pages = {69},
      doi = {10.3847/0004-637X/817/1/69},
   adsurl = {http://adsabs.harvard.edu/abs/2016ApJ...817...69N},
  adsnote = {Provided by the SAO/NASA Astrophysics Data System}
}

@ARTICLE{Schreiber16,
   author = {{Schreiber}, M.~R. and {Zorotovic}, M. and {Wijnen}, T.~P.~G.
	},
    title = "{Three in one go: consequential angular momentum loss can solve major problems of CV evolution}",
  journal = {\mnras},
archivePrefix = "arXiv",
   eprint = {1510.04294},
 primaryClass = "astro-ph.SR",
 keywords = {binaries: close, novae, cataclysmic variables, white dwarfs},
     year = 2016,
    month = jan,
   volume = 455,
    pages = {L16-L20},
      doi = {10.1093/mnrasl/slv144},
   adsurl = {http://adsabs.harvard.edu/abs/2016MNRAS.455L..16S},
  adsnote = {Provided by the SAO/NASA Astrophysics Data System}
}

@ARTICLE{vanSaders16,
   author = {{van Saders}, J.~L. and {Ceillier}, T. and {Metcalfe}, T.~S. and 
        {Silva Aguirre}, V. and {Pinsonneault}, M.~H. and {Garc{\'{\i}}a}, R.~A. and 
        {Mathur}, S. and {Davies}, G.~R.},
    title = "{Weakened magnetic braking as the origin of anomalously rapid rotation in old field stars}",
  journal = {\nat},
archivePrefix = "arXiv",
   eprint = {1601.02631},
 primaryClass = "astro-ph.SR",
     year = 2016,
    month = jan,
   volume = 529,
    pages = {181-184},
      doi = {10.1038/nature16168},
   adsurl = {http://adsabs.harvard.edu/abs/2016Natur.529..181V},
  adsnote = {Provided by the SAO/NASA Astrophysics Data System}
}



@ARTICLE{Aigrain15,
   author = {{Aigrain}, S. and {Llama}, J. and {Ceillier}, T. and {Chagas}, M.~L.~d. and 
        {Davenport}, J.~R.~A. and {Garc{\'{\i}}a}, R.~A. and {Hay}, K.~L. and 
        {Lanza}, A.~F. and {McQuillan}, A. and {Mazeh}, T. and {de Medeiros}, J.~R. and 
        {Nielsen}, M.~B. and {Reinhold}, T.},
    title = "{Testing the recovery of stellar rotation signals from Kepler light curves using a blind hare-and-hounds exercise}",
  journal = {\mnras},
archivePrefix = "arXiv",
   eprint = {1504.04029},
 primaryClass = "astro-ph.SR",
 keywords = {methods: data analysis, techniques: photometric, surveys, stars: rotation, starspots},
     year = 2015,
    month = jul,
   volume = 450,
    pages = {3211-3226},
      doi = {10.1093/mnras/stv853},
   adsurl = {http://adsabs.harvard.edu/abs/2015MNRAS.450.3211A},
  adsnote = {Provided by the SAO/NASA Astrophysics Data System}
}

@ARTICLE{Angus15,
   author = {{Angus}, R. and {Aigrain}, S. and {Foreman-Mackey}, D. and {McQuillan}, A.
        },
    title = "{Calibrating gyrochronology using Kepler asteroseismic targets}",
  journal = {\mnras},
archivePrefix = "arXiv",
   eprint = {1502.06965},
 primaryClass = "astro-ph.EP",
 keywords = {methods: statistical, stars: evolution, stars: fundamental parameters, stars: oscillations, stars: rotation, stars: solar-type},
     year = 2015,
    month = jun,
   volume = 450,
    pages = {1787-1798},
      doi = {10.1093/mnras/stv423},
   adsurl = {http://adsabs.harvard.edu/abs/2015MNRAS.450.1787A},
  adsnote = {Provided by the SAO/NASA Astrophysics Data System}
}

@ARTICLE{Michalik15,
   author = {{Michalik}, D. and {Lindegren}, L. and {Hobbs}, D.},
    title = "{The Tycho-Gaia astrometric solution . How to get 2.5 million parallaxes with less than one year of Gaia data}",
  journal = {\aap},
archivePrefix = "arXiv",
   eprint = {1412.8770},
 primaryClass = "astro-ph.IM",
 keywords = {astrometry, methods: data analysis, methods: numerical, space vehicles: instruments, parallaxes, proper motions},
     year = 2015,
    month = feb,
   volume = 574,
      eid = {A115},
    pages = {A115},
      doi = {10.1051/0004-6361/201425310},
   adsurl = {http://adsabs.harvard.edu/abs/2015A%26A...574A.115M},
  adsnote = {Provided by the SAO/NASA Astrophysics Data System}
}

@ARTICLE{Nidever15,
   author = {{Nidever}, D.~L. and {Holtzman}, J.~A. and {Allende Prieto}, C. and 
        {Beland}, S. and {Bender}, C. and {Bizyaev}, D. and {Burton}, A. and 
        {Desphande}, R. and {Fleming}, S.~W. and {Garc{\'{\i}}a P{\'e}rez}, A.~E. and 
        {Hearty}, F.~R. and {Majewski}, S.~R. and {M{\'e}sz{\'a}ros}, S. and 
        {Muna}, D. and {Nguyen}, D. and {Schiavon}, R.~P. and {Shetrone}, M. and 
        {Skrutskie}, M.~F. and {Sobeck}, J.~S. and {Wilson}, J.~C.},
    title = "{The Data Reduction Pipeline for the Apache Point Observatory Galactic Evolution Experiment}",
  journal = {\aj},
archivePrefix = "arXiv",
   eprint = {1501.03742},
 primaryClass = "astro-ph.IM",
 keywords = {galaxies: abundances, galaxies: halos, galaxies: kinematics and dynamics, Local Group, methods: data analysis, techniques: image processing},
     year = 2015,
    month = dec,
   volume = 150,
      eid = {173},
    pages = {173},
      doi = {10.1088/0004-6256/150/6/173},
   adsurl = {http://adsabs.harvard.edu/abs/2015AJ....150..173N},
  adsnote = {Provided by the SAO/NASA Astrophysics Data System}
}


@ARTICLE{Tayar15,
   author = {{Tayar}, J. and {Ceillier}, T. and {Garc{\'{\i}}a-Hern{\'a}ndez}, D.~A. and 
        {Troup}, N.~W. and {Mathur}, S. and {Garc{\'{\i}}a}, R.~A. and 
        {Zamora}, O. and {Johnson}, J.~A. and {Pinsonneault}, M.~H. and 
        {M{\'e}sz{\'a}ros}, S. and {Allende Prieto}, C. and {Chaplin}, W.~J. and 
        {Elsworth}, Y. and {Hekker}, S. and {Nidever}, D.~L. and {Salabert}, D. and 
        {Schneider}, D.~P. and {Serenelli}, A. and {Shetrone}, M. and 
        {Stello}, D.},
    title = "{Rapid Rotation of Low-mass Red Giants Using APOKASC: A Measure of Interaction Rates on the Post-main-sequence}",
  journal = {\apj},
archivePrefix = "arXiv",
   eprint = {1505.03536},
 primaryClass = "astro-ph.SR",
 keywords = {binaries: close, stars: late-type, stars: rotation},
     year = 2015,
    month = jul,
   volume = 807,
      eid = {82},
    pages = {82},
      doi = {10.1088/0004-637X/807/1/82},
   adsurl = {http://adsabs.harvard.edu/abs/2015ApJ...807...82T},
  adsnote = {Provided by the SAO/NASA Astrophysics Data System}
}



@ARTICLE{Cantrell14,
   author = {{Cantrell}, A.~G. and {Dougan}, T.~J.},
    title = "{Twins like to be seen: observational biases affecting spectroscopically selected binary stars}",
  journal = {\mnras},
archivePrefix = "arXiv",
   eprint = {1409.2773},
 primaryClass = "astro-ph.SR",
 keywords = {methods: observational, binaries: close, binaries: general, binaries: spectroscopic, stars: evolution, stars: massive},
     year = 2014,
    month = dec,
   volume = 445,
    pages = {2028-2033},
      doi = {10.1093/mnras/stu1890},
   adsurl = {http://adsabs.harvard.edu/abs/2014MNRAS.445.2028C},
  adsnote = {Provided by the SAO/NASA Astrophysics Data System}
}

@ARTICLE{Garcia14,
   author = {{Garc{\'{\i}}a}, R.~A. and {Ceillier}, T. and {Salabert}, D. and 
        {Mathur}, S. and {van Saders}, J.~L. and {Pinsonneault}, M. and 
        {Ballot}, J. and {Beck}, P.~G. and {Bloemen}, S. and {Campante}, T.~L. and 
        {Davies}, G.~R. and {do Nascimento}, Jr., J.-D. and {Mathis}, S. and 
        {Metcalfe}, T.~S. and {Nielsen}, M.~B. and {Su{\'a}rez}, J.~C. and 
        {Chaplin}, W.~J. and {Jim{\'e}nez}, A. and {Karoff}, C.},
    title = "{Rotation and magnetism of Kepler pulsating solar-like stars. Towards asteroseismically calibrated age-rotation relations}",
  journal = {\aap},
archivePrefix = "arXiv",
   eprint = {1403.7155},
 primaryClass = "astro-ph.SR",
 keywords = {asteroseismology, stars: activity, stars: rotation, stars: solar-type, stars: evolution, stars: oscillations},
     year = 2014,
    month = dec,
   volume = 572,
      eid = {A34},
    pages = {A34},
      doi = {10.1051/0004-6361/201423888},
   adsurl = {http://adsabs.harvard.edu/abs/2014A%26A...572A..34G},
  adsnote = {Provided by the SAO/NASA Astrophysics Data System}
}



@ARTICLE{Gaulme14,
   author = {{Gaulme}, P. and {Jackiewicz}, J. and {Appourchaux}, T. and 
        {Mosser}, B.},
    title = "{Surface Activity and Oscillation Amplitudes of Red Giants in Eclipsing Binaries}",
  journal = {\apj},
archivePrefix = "arXiv",
   eprint = {1402.3027},
 primaryClass = "astro-ph.SR",
 keywords = {binaries: eclipsing, stars: evolution, stars: oscillations},
     year = 2014,
    month = apr,
   volume = 785,
      eid = {5},
    pages = {5},
      doi = {10.1088/0004-637X/785/1/5},
   adsurl = {http://adsabs.harvard.edu/abs/2014ApJ...785....5G},
  adsnote = {Provided by the SAO/NASA Astrophysics Data System}
}



@ARTICLE{Huber14,
   author = {{Huber}, D. and {Silva Aguirre}, V. and {Matthews}, J.~M. and 
        {Pinsonneault}, M.~H. and {Gaidos}, E. and {Garc{\'{\i}}a}, R.~A. and 
        {Hekker}, S. and {Mathur}, S. and {Mosser}, B. and {Torres}, G. and 
        {Bastien}, F.~A. and {Basu}, S. and {Bedding}, T.~R. and {Chaplin}, W.~J. and 
        {Demory}, B.-O. and {Fleming}, S.~W. and {Guo}, Z. and {Mann}, A.~W. and 
        {Rowe}, J.~F. and {Serenelli}, A.~M. and {Smith}, M.~A. and 
        {Stello}, D.},
    title = "{Revised Stellar Properties of Kepler Targets for the Quarter 1-16 Transit Detection Run}",
  journal = {\apjs},
archivePrefix = "arXiv",
   eprint = {1312.0662},
 primaryClass = "astro-ph.EP",
 keywords = {catalogs, planetary systems, stars: fundamental parameters, stars: oscillations, techniques: photometric},
     year = 2014,
    month = mar,
   volume = 211,
      eid = {2},
    pages = {2},
      doi = {10.1088/0067-0049/211/1/2},
   adsurl = {http://adsabs.harvard.edu/abs/2014ApJS..211....2H},
  adsnote = {Provided by the SAO/NASA Astrophysics Data System}
}

@ARTICLE{McQuillan14,
   author = {{McQuillan}, A. and {Mazeh}, T. and {Aigrain}, S.},
    title = "{Rotation Periods of 34,030 Kepler Main-sequence Stars: The Full Autocorrelation Sample}",
  journal = {\apjs},
archivePrefix = "arXiv",
   eprint = {1402.5694},
 primaryClass = "astro-ph.SR",
 keywords = {catalogs, methods: data analysis, methods: observational, stars: activity, stars: low-mass, stars: rotation, techniques: photometric},
     year = 2014,
    month = apr,
   volume = 211,
      eid = {24},
    pages = {24},
      doi = {10.1088/0067-0049/211/2/24},
   adsurl = {http://adsabs.harvard.edu/abs/2014ApJS..211...24M},
  adsnote = {Provided by the SAO/NASA Astrophysics Data System}
}

@ARTICLE{Batalha13,
   author = {{Batalha}, N.~M. and {Rowe}, J.~F. and {Bryson}, S.~T. and {Barclay}, T. and 
        {Burke}, C.~J. and {Caldwell}, D.~A. and {Christiansen}, J.~L. and 
        {Mullally}, F. and {Thompson}, S.~E. and {Brown}, T.~M. and 
        {Dupree}, A.~K. and {Fabrycky}, D.~C. and {Ford}, E.~B. and 
        {Fortney}, J.~J. and {Gilliland}, R.~L. and {Isaacson}, H. and 
        {Latham}, D.~W. and {Marcy}, G.~W. and {Quinn}, S.~N. and {Ragozzine}, D. and 
        {Shporer}, A. and {Borucki}, W.~J. and {Ciardi}, D.~R. and {Gautier}, III, T.~N. and 
        {Haas}, M.~R. and {Jenkins}, J.~M. and {Koch}, D.~G. and {Lissauer}, J.~J. and 
        {Rapin}, W. and {Basri}, G.~S. and {Boss}, A.~P. and {Buchhave}, L.~A. and 
        {Carter}, J.~A. and {Charbonneau}, D. and {Christensen-Dalsgaard}, J. and 
        {Clarke}, B.~D. and {Cochran}, W.~D. and {Demory}, B.-O. and 
        {Desert}, J.-M. and {Devore}, E. and {Doyle}, L.~R. and {Esquerdo}, G.~A. and 
        {Everett}, M. and {Fressin}, F. and {Geary}, J.~C. and {Girouard}, F.~R. and 
        {Gould}, A. and {Hall}, J.~R. and {Holman}, M.~J. and {Howard}, A.~W. and 
        {Howell}, S.~B. and {Ibrahim}, K.~A. and {Kinemuchi}, K. and 
        {Kjeldsen}, H. and {Klaus}, T.~C. and {Li}, J. and {Lucas}, P.~W. and 
        {Meibom}, S. and {Morris}, R.~L. and {Pr{\v s}a}, A. and {Quintana}, E. and 
        {Sanderfer}, D.~T. and {Sasselov}, D. and {Seader}, S.~E. and 
        {Smith}, J.~C. and {Steffen}, J.~H. and {Still}, M. and {Stumpe}, M.~C. and 
        {Tarter}, J.~C. and {Tenenbaum}, P. and {Torres}, G. and {Twicken}, J.~D. and 
        {Uddin}, K. and {Van Cleve}, J. and {Walkowicz}, L. and {Welsh}, W.~F.
        },
    title = "{Planetary Candidates Observed by Kepler. III. Analysis of the First 16 Months of Data}",
  journal = {\apjs},
archivePrefix = "arXiv",
   eprint = {1202.5852},
 primaryClass = "astro-ph.EP",
 keywords = {catalogs, eclipses, planetary systems, space vehicles, techniques: photometric },
     year = 2013,
    month = feb,
   volume = 204,
      eid = {24},
    pages = {24},
      doi = {10.1088/0067-0049/204/2/24},
   adsurl = {http://adsabs.harvard.edu/abs/2013ApJS..204...24B},
  adsnote = {Provided by the SAO/NASA Astrophysics Data System}
}



@ARTICLE{Everett13,
   author = {{Everett}, M.~E. and {Howell}, S.~B. and {Silva}, D.~R. and 
        {Szkody}, P.},
    title = "{Spectroscopy of Faint Kepler Mission Exoplanet Candidate Host Stars}",
  journal = {\apj},
archivePrefix = "arXiv",
   eprint = {1305.0578},
 primaryClass = "astro-ph.EP",
 keywords = {planetary systems, planets and satellites: fundamental parameters, stars: fundamental parameters, surveys},
     year = 2013,
    month = jul,
   volume = 771,
      eid = {107},
    pages = {107},
      doi = {10.1088/0004-637X/771/2/107},
   adsurl = {http://adsabs.harvard.edu/abs/2013ApJ...771..107E},
  adsnote = {Provided by the SAO/NASA Astrophysics Data System}
}

@ARTICLE{Gaidos13,
   author = {{Gaidos}, E. and {Mann}, A.~W.},
    title = "{Objects in Kepler's Mirror May be Larger Than They Appear: Bias and Selection Effects in Transiting Planet Surveys}",
  journal = {\apj},
archivePrefix = "arXiv",
   eprint = {1211.2279},
 primaryClass = "astro-ph.EP",
 keywords = {methods: statistical, planetary systems, planets and satellites: detection, stars: fundamental parameters },
     year = 2013,
    month = jan,
   volume = 762,
      eid = {41},
    pages = {41},
      doi = {10.1088/0004-637X/762/1/41},
   adsurl = {http://adsabs.harvard.edu/abs/2013ApJ...762...41G},
  adsnote = {Provided by the SAO/NASA Astrophysics Data System}
}



@ARTICLE{Nielsen13,
   author = {{Nielsen}, M.~B. and {Gizon}, L. and {Schunker}, H. and {Karoff}, C.
        },
    title = "{Rotation periods of 12 000 main-sequence Kepler stars: Dependence on stellar spectral type and comparison with v sin i observations}",
  journal = {\aap},
archivePrefix = "arXiv",
   eprint = {1305.5721},
 primaryClass = "astro-ph.SR",
 keywords = {stars: rotation, starspots, stars: late-type},
     year = 2013,
    month = sep,
   volume = 557,
      eid = {L10},
    pages = {L10},
      doi = {10.1051/0004-6361/201321912},
   adsurl = {http://adsabs.harvard.edu/abs/2013A%26A...557L..10N},
  adsnote = {Provided by the SAO/NASA Astrophysics Data System}
}

@INPROCEEDINGS{Pinsonneault13,
   author = {{Pinsonneault}, M.~H. and {Matt}, S. and {MacGregor}, K.~B.},
    title = "{Angular Momentum and Mass Loss From Magnetized Solar-Like Winds}",
booktitle = {American Astronomical Society Meeting Abstracts \#221},
     year = 2013,
   series = {American Astronomical Society Meeting Abstracts},
   volume = 221,
    month = jan,
      eid = {252.06},
    pages = {252.06},
   adsurl = {http://adsabs.harvard.edu/abs/2013AAS...22125206P},
  adsnote = {Provided by the SAO/NASA Astrophysics Data System}
}



@ARTICLE{RebassaMansergas13,
   author = {{Rebassa-Mansergas}, A. and {Agurto-Gangas}, C. and {Schreiber}, M.~R. and 
	{G{\"a}nsicke}, B.~T. and {Koester}, D.},
    title = "{White dwarf main-sequence binaries from SDSS DR 8: unveiling the cool white dwarf population}",
  journal = {\mnras},
archivePrefix = "arXiv",
   eprint = {1306.0952},
 primaryClass = "astro-ph.SR",
 keywords = {binaries: close, binaries: spectroscopic, stars: low-mass, white dwarfs},
     year = 2013,
    month = aug,
   volume = 433,
    pages = {3398-3410},
      doi = {10.1093/mnras/stt974},
   adsurl = {http://adsabs.harvard.edu/abs/2013MNRAS.433.3398R},
  adsnote = {Provided by the SAO/NASA Astrophysics Data System}
}

@ARTICLE{Reinhold13,
   author = {{Reinhold}, T. and {Reiners}, A. and {Basri}, G.},
    title = "{Rotation and differential rotation of active Kepler stars}",
  journal = {\aap},
archivePrefix = "arXiv",
   eprint = {1308.1508},
 primaryClass = "astro-ph.SR",
 keywords = {stars: activity, stars: rotation, starspots},
     year = 2013,
    month = dec,
   volume = 560,
      eid = {A4},
    pages = {A4},
      doi = {10.1051/0004-6361/201321970},
   adsurl = {http://adsabs.harvard.edu/abs/2013A%26A...560A...4R},
  adsnote = {Provided by the SAO/NASA Astrophysics Data System}
}

@ARTICLE{vanSaders13,
   author = {{van Saders}, J.~L. and {Pinsonneault}, M.~H.},
    title = "{Fast Star, Slow Star; Old Star, Young Star: Subgiant Rotation as a Population and Stellar Physics Diagnostic}",
  journal = {\apj},
archivePrefix = "arXiv",
   eprint = {1306.3701},
 primaryClass = "astro-ph.SR",
 keywords = {stars: evolution, stars: fundamental parameters, stars: interiors, stars: rotation},
     year = 2013,
    month = oct,
   volume = 776,
      eid = {67},
    pages = {67},
      doi = {10.1088/0004-637X/776/2/67},
   adsurl = {http://adsabs.harvard.edu/abs/2013ApJ...776...67V},
  adsnote = {Provided by the SAO/NASA Astrophysics Data System}
}

@ARTICLE{Affer12,
   author = {{Affer}, L. and {Micela}, G. and {Favata}, F. and {Flaccomio}, E.
        },
    title = "{The rotation of field stars from CoRoT data}",
  journal = {\mnras},
archivePrefix = "arXiv",
   eprint = {1202.4947},
 primaryClass = "astro-ph.SR",
 keywords = {stars: rotation, stars: solar-type, solar neighbourhood},
     year = 2012,
    month = jul,
   volume = 424,
    pages = {11-22},
      doi = {10.1111/j.1365-2966.2012.20802.x},
   adsurl = {http://adsabs.harvard.edu/abs/2012MNRAS.424...11A},
  adsnote = {Provided by the SAO/NASA Astrophysics Data System}
}



@ARTICLE{Bruntt12,
   author = {{Bruntt}, H. and {Basu}, S. and {Smalley}, B. and {Chaplin}, W.~J. and 
        {Verner}, G.~A. and {Bedding}, T.~R. and {Catala}, C. and {Gazzano}, J.-C. and 
        {Molenda-{\.Z}akowicz}, J. and {Thygesen}, A.~O. and {Uytterhoeven}, K. and 
        {Hekker}, S. and {Huber}, D. and {Karoff}, C. and {Mathur}, S. and 
        {Mosser}, B. and {Appourchaux}, T. and {Campante}, T.~L. and 
        {Elsworth}, Y. and {Garc{\'{\i}}a}, R.~A. and {Handberg}, R. and 
        {Metcalfe}, T.~S. and {Quirion}, P.-O. and {R{\'e}gulo}, C. and 
        {Roxburgh}, I.~W. and {Stello}, D. and {Christensen-Dalsgaard}, J. and 
        {Kawaler}, S.~D. and {Kjeldsen}, H. and {Morris}, R.~L. and 
        {Quintana}, E.~V. and {Sanderfer}, D.~T.},
    title = "{Accurate fundamental parameters and detailed abundance patterns from spectroscopy of 93 solar-type Kepler targets}",
  journal = {\mnras},
archivePrefix = "arXiv",
   eprint = {1203.0611},
 primaryClass = "astro-ph.SR",
 keywords = {stars: abundances, stars: atmospheres, stars: fundamental parameters, stars: solar-type},
     year = 2012,
    month = jun,
   volume = 423,
    pages = {122-131},
      doi = {10.1111/j.1365-2966.2012.20686.x},
   adsurl = {http://adsabs.harvard.edu/abs/2012MNRAS.423..122B},
  adsnote = {Provided by the SAO/NASA Astrophysics Data System}
}

@ARTICLE{Geller12,
   author = {{Geller}, A.~M. and {Mathieu}, R.~D.},
    title = "{WIYN Open Cluster Study. XLVIII. The Hard-binary Population of NGC 188}",
  journal = {\aj},
archivePrefix = "arXiv",
   eprint = {1111.3950},
 primaryClass = "astro-ph.SR",
 keywords = {binaries: spectroscopic, blue stragglers, open clusters and associations: individual: NGC 188},
     year = 2012,
    month = aug,
   volume = 144,
      eid = {54},
    pages = {54},
      doi = {10.1088/0004-6256/144/2/54},
   adsurl = {http://adsabs.harvard.edu/abs/2012AJ....144...54G},
  adsnote = {Provided by the SAO/NASA Astrophysics Data System}
}

@ARTICLE{Greiss12,
   author = {{Greiss}, S. and {Steeghs}, D. and {G{\"a}nsicke}, B.~T. and 
        {Mart{\'{\i}}n}, E.~L. and {Groot}, P.~J. and {Irwin}, M.~J. and 
        {Gonz{\'a}lez-Solares}, E. and {Greimel}, R. and {Knigge}, C. and 
        {{\O}stensen}, R.~H. and {Verbeek}, K. and {Drew}, J.~E. and 
        {Drake}, J. and {Jonker}, P.~G. and {Ripepi}, V. and {Scaringi}, S. and 
        {Southworth}, J. and {Still}, M. and {Wright}, N.~J. and {Farnhill}, H. and 
        {van Haaften}, L.~M. and {Shah}, S.},
    title = "{Initial Data Release of the Kepler-INT Survey}",
  journal = {\aj},
archivePrefix = "arXiv",
   eprint = {1202.6333},
 keywords = {catalogs, stars: emission-line, Be, stars: general, surveys, techniques: photometric},
     year = 2012,
    month = jul,
   volume = 144,
      eid = {24},
    pages = {24},
      doi = {10.1088/0004-6256/144/1/24},
   adsurl = {http://adsabs.harvard.edu/abs/2012AJ....144...24G},
  adsnote = {Provided by the SAO/NASA Astrophysics Data System}
}

@ARTICLE{Mann12,
   author = {{Mann}, A.~W. and {Gaidos}, E. and {L{\'e}pine}, S. and {Hilton}, E.~J.
        },
    title = "{They Might be Giants: Luminosity Class, Planet Occurrence, and Planet-Metallicity Relation of the Coolest Kepler Target Stars}",
  journal = {\apj},
archivePrefix = "arXiv",
   eprint = {1202.5394},
 primaryClass = "astro-ph.EP",
 keywords = {planetary systems, planets and satellites: detection, stars: abundances, stars: fundamental parameters, stars: late-type},
     year = 2012,
    month = jul,
   volume = 753,
      eid = {90},
    pages = {90},
      doi = {10.1088/0004-637X/753/1/90},
   adsurl = {http://adsabs.harvard.edu/abs/2012ApJ...753...90M},
  adsnote = {Provided by the SAO/NASA Astrophysics Data System}
}



@ARTICLE{Pinsonneault12,
   author = {{Pinsonneault}, M.~H. and {An}, D. and {Molenda-{\.Z}akowicz}, J. and 
        {Chaplin}, W.~J. and {Metcalfe}, T.~S. and {Bruntt}, H.},
    title = "{A Revised Effective Temperature Scale for the Kepler Input Catalog}",
  journal = {\apjs},
archivePrefix = "arXiv",
   eprint = {1110.4456},
 primaryClass = "astro-ph.SR",
 keywords = {stars: fundamental parameters},
     year = 2012,
    month = apr,
   volume = 199,
      eid = {30},
    pages = {30},
      doi = {10.1088/0067-0049/199/2/30},
   adsurl = {http://adsabs.harvard.edu/abs/2012ApJS..199...30P},
  adsnote = {Provided by the SAO/NASA Astrophysics Data System}
}



@ARTICLE{Strassmeier12,
   author = {{Strassmeier}, K.~G. and {Weber}, M. and {Granzer}, T. and {J{\"a}rvinen}, S.
	},
    title = "{Rotation, activity, and lithium abundance in cool binary stars}",
  journal = {Astronomische Nachrichten},
archivePrefix = "arXiv",
   eprint = {1208.3741},
 primaryClass = "astro-ph.SR",
 keywords = {binaries: spectroscopic, stars: fundamental parameters, stars: late-type, stars: rotation, techniques: radial velocities, techniques: photometry, starspots},
     year = 2012,
    month = oct,
   volume = 333,
    pages = {663},
      doi = {10.1002/asna.201211719},
   adsurl = {http://adsabs.harvard.edu/abs/2012AN....333..663S},
  adsnote = {Provided by the SAO/NASA Astrophysics Data System}
}

@ARTICLE{RebassaMansergas12,
   author = {{Rebassa-Mansergas}, A. and {Nebot G{\'o}mez-Mor{\'a}n}, A. and 
	{Schreiber}, M.~R. and {G{\"a}nsicke}, B.~T. and {Schwope}, A. and 
	{Gallardo}, J. and {Koester}, D.},
    title = "{Post-common envelope binaries from SDSS - XIV. The DR7 white dwarf-main-sequence binary catalogue}",
  journal = {\mnras},
archivePrefix = "arXiv",
   eprint = {1110.1000},
 primaryClass = "astro-ph.SR",
 keywords = {stars: AGB and post-AGB, binaries: close, binaries: spectroscopic, stars: evolution, stars: low-mass, white dwarfs},
     year = 2012,
    month = jan,
   volume = 419,
    pages = {806-816},
      doi = {10.1111/j.1365-2966.2011.19923.x},
   adsurl = {http://adsabs.harvard.edu/abs/2012MNRAS.419..806R},
  adsnote = {Provided by the SAO/NASA Astrophysics Data System}
}

@ARTICLE{Basri11,
   author = {{Basri}, G. and {Walkowicz}, L.~M. and {Batalha}, N. and {Gilliland}, R.~L. and 
        {Jenkins}, J. and {Borucki}, W.~J. and {Koch}, D. and {Caldwell}, D. and 
        {Dupree}, A.~K. and {Latham}, D.~W. and {Marcy}, G.~W. and {Meibom}, S. and 
        {Brown}, T.},
    title = "{Photometric Variability in Kepler Target Stars. II. An Overview of Amplitude, Periodicity, and Rotation in First Quarter Data}",
  journal = {\aj},
archivePrefix = "arXiv",
   eprint = {1008.1092},
 primaryClass = "astro-ph.SR",
 keywords = {stars: activity, starspots, stars: rotation, stars: solar-type, stars: statistics, stars: variables: general},
     year = 2011,
    month = jan,
   volume = 141,
      eid = {20},
    pages = {20},
      doi = {10.1088/0004-6256/141/1/20},
   adsurl = {http://adsabs.harvard.edu/abs/2011AJ....141...20B},
  adsnote = {Provided by the SAO/NASA Astrophysics Data System}
}



@ARTICLE{Brown11,
   author = {{Brown}, T.~M. and {Latham}, D.~W. and {Everett}, M.~E. and 
        {Esquerdo}, G.~A.},
    title = "{Kepler Input Catalog: Photometric Calibration and Stellar Classification}",
  journal = {\aj},
archivePrefix = "arXiv",
   eprint = {1102.0342},
 primaryClass = "astro-ph.SR",
 keywords = {catalogs, methods: data analysis, surveys, techniques: photometric},
     year = 2011,
    month = oct,
   volume = 142,
      eid = {112},
    pages = {112},
      doi = {10.1088/0004-6256/142/4/112},
   adsurl = {http://adsabs.harvard.edu/abs/2011AJ....142..112B},
  adsnote = {Provided by the SAO/NASA Astrophysics Data System}
}



@ARTICLE{Chaplin11,
   author = {{Chaplin}, W.~J. and {Kjeldsen}, H. and {Christensen-Dalsgaard}, J. and 
        {Basu}, S. and {Miglio}, A. and {Appourchaux}, T. and {Bedding}, T.~R. and 
        {Elsworth}, Y. and {Garc{\'{\i}}a}, R.~A. and {Gilliland}, R.~L. and 
        {Girardi}, L. and {Houdek}, G. and {Karoff}, C. and {Kawaler}, S.~D. and 
        {Metcalfe}, T.~S. and {Molenda-{\.Z}akowicz}, J. and {Monteiro}, M.~J.~P.~F.~G. and 
        {Thompson}, M.~J. and {Verner}, G.~A. and {Ballot}, J. and {Bonanno}, A. and 
        {Brand{\~a}o}, I.~M. and {Broomhall}, A.-M. and {Bruntt}, H. and 
        {Campante}, T.~L. and {Corsaro}, E. and {Creevey}, O.~L. and 
        {Do{\u g}an}, G. and {Esch}, L. and {Gai}, N. and {Gaulme}, P. and 
        {Hale}, S.~J. and {Handberg}, R. and {Hekker}, S. and {Huber}, D. and 
        {Jim{\'e}nez}, A. and {Mathur}, S. and {Mazumdar}, A. and {Mosser}, B. and 
        {New}, R. and {Pinsonneault}, M.~H. and {Pricopi}, D. and {Quirion}, P.-O. and 
        {R{\'e}gulo}, C. and {Salabert}, D. and {Serenelli}, A.~M. and 
        {Silva Aguirre}, V. and {Sousa}, S.~G. and {Stello}, D. and 
        {Stevens}, I.~R. and {Suran}, M.~D. and {Uytterhoeven}, K. and 
        {White}, T.~R. and {Borucki}, W.~J. and {Brown}, T.~M. and {Jenkins}, J.~M. and 
        {Kinemuchi}, K. and {Van Cleve}, J. and {Klaus}, T.~C.},
    title = "{Ensemble Asteroseismology of Solar-Type Stars with the NASA Kepler Mission}",
  journal = {Science},
archivePrefix = "arXiv",
   eprint = {1109.4723},
 primaryClass = "astro-ph.SR",
     year = 2011,
    month = apr,
   volume = 332,
    pages = {213},
      doi = {10.1126/science.1201827},
   adsurl = {http://adsabs.harvard.edu/abs/2011Sci...332..213C},
  adsnote = {Provided by the SAO/NASA Astrophysics Data System}
}



@ARTICLE{Ho11,
   author = {{Ho}, S. and {Turner}, E.~L.},
    title = "{The Posterior Distribution of sin(i) Values for Exoplanets with M$_{T}$ sin(i) Determined from Radial Velocity Data}",
  journal = {\apj},
archivePrefix = "arXiv",
   eprint = {1007.0245},
 primaryClass = "astro-ph.EP",
 keywords = {methods: statistical, planetary systems, techniques: radial velocities},
     year = 2011,
    month = sep,
   volume = 739,
      eid = {26},
    pages = {26},
      doi = {10.1088/0004-637X/739/1/26},
   adsurl = {http://adsabs.harvard.edu/abs/2011ApJ...739...26H},
  adsnote = {Provided by the SAO/NASA Astrophysics Data System}
}



@ARTICLE{Zorotovic11,
   author = {{Zorotovic}, M. and {Schreiber}, M.~R. and {G{\"a}nsicke}, B.~T.
	},
    title = "{Post common envelope binaries from SDSS. XI. The white dwarf mass distributions of CVs and pre-CVs}",
  journal = {\aap},
archivePrefix = "arXiv",
   eprint = {1108.4600},
 primaryClass = "astro-ph.SR",
 keywords = {binaries: close, white dwarfs, novae, cataclysmic variables},
     year = 2011,
    month = dec,
   volume = 536,
      eid = {A42},
    pages = {A42},
      doi = {10.1051/0004-6361/201116626},
   adsurl = {http://adsabs.harvard.edu/abs/2011A%26A...536A..42Z},
  adsnote = {Provided by the SAO/NASA Astrophysics Data System}
}

@ARTICLE{Bruntt10a,
   author = {{Bruntt}, H. and {Bedding}, T.~R. and {Quirion}, P.-O. and {Lo Curto}, G. and 
        {Carrier}, F. and {Smalley}, B. and {Dall}, T.~H. and {Arentoft}, T. and 
        {Bazot}, M. and {Butler}, R.~P.},
    title = "{Accurate fundamental parameters for 23 bright solar-type stars}",
  journal = {\mnras},
archivePrefix = "arXiv",
   eprint = {1002.4268},
 primaryClass = "astro-ph.SR",
     year = 2010,
    month = jul,
   volume = 405,
    pages = {1907-1923},
      doi = {10.1111/j.1365-2966.2010.16575.x},
   adsurl = {http://adsabs.harvard.edu/abs/2010MNRAS.405.1907B},
  adsnote = {Provided by the SAO/NASA Astrophysics Data System}
}

@ARTICLE{Bruntt10b,
   author = {{Bruntt}, H. and {Deleuil}, M. and {Fridlund}, M. and {Alonso}, R. and 
        {Bouchy}, F. and {Hatzes}, A. and {Mayor}, M. and {Moutou}, C. and 
        {Queloz}, D.},
    title = "{Improved stellar parameters of CoRoT-7. A star hosting two super Earths}",
  journal = {\aap},
archivePrefix = "arXiv",
   eprint = {1005.3208},
 primaryClass = "astro-ph.SR",
 keywords = {stars: abundances, stars: late-type, stars: fundamental parameters},
     year = 2010,
    month = sep,
   volume = 519,
      eid = {A51},
    pages = {A51},
      doi = {10.1051/0004-6361/201014143},
   adsurl = {http://adsabs.harvard.edu/abs/2010A%26A...519A..51B},
  adsnote = {Provided by the SAO/NASA Astrophysics Data System}
}




@ARTICLE{Davis10,
   author = {{Davis}, P.~J. and {Kolb}, U. and {Willems}, B.},
    title = "{A comprehensive population synthesis study of post-common envelope binaries}",
  journal = {\mnras},
archivePrefix = "arXiv",
   eprint = {0903.4152},
 primaryClass = "astro-ph.SR",
 keywords = {methods: numerical, methods: statistical, binaries: close, stars: evolution},
     year = 2010,
    month = mar,
   volume = 403,
    pages = {179-195},
      doi = {10.1111/j.1365-2966.2009.16138.x},
   adsurl = {http://adsabs.harvard.edu/abs/2010MNRAS.403..179D},
  adsnote = {Provided by the SAO/NASA Astrophysics Data System}
}

@ARTICLE{Hartman10,
   author = {{Hartman}, J.~D. and {Bakos}, G.~{\'A}. and {Kov{\'a}cs}, G. and 
        {Noyes}, R.~W.},
    title = "{A large sample of photometric rotation periods for FGK Pleiades stars}",
  journal = {\mnras},
 keywords = {techniques: photometric, catalogues, stars: late-type, stars: rotation, starspots, open clusters and associations: individual: Pleiades},
     year = 2010,
    month = oct,
   volume = 408,
    pages = {475-489},
      doi = {10.1111/j.1365-2966.2010.17147.x},
   adsurl = {http://adsabs.harvard.edu/abs/2010MNRAS.408..475H},
  adsnote = {Provided by the SAO/NASA Astrophysics Data System}
}



@ARTICLE{Koch10,
   author = {{Koch}, D.~G. and {Borucki}, W.~J. and {Basri}, G. and {Batalha}, N.~M. and 
	{Brown}, T.~M. and {Caldwell}, D. and {Christensen-Dalsgaard}, J. and 
	{Cochran}, W.~D. and {DeVore}, E. and {Dunham}, E.~W. and {Gautier}, III, T.~N. and 
	{Geary}, J.~C. and {Gilliland}, R.~L. and {Gould}, A. and {Jenkins}, J. and 
	{Kondo}, Y. and {Latham}, D.~W. and {Lissauer}, J.~J. and {Marcy}, G. and 
	{Monet}, D. and {Sasselov}, D. and {Boss}, A. and {Brownlee}, D. and 
	{Caldwell}, J. and {Dupree}, A.~K. and {Howell}, S.~B. and {Kjeldsen}, H. and 
	{Meibom}, S. and {Morrison}, D. and {Owen}, T. and {Reitsema}, H. and 
	{Tarter}, J. and {Bryson}, S.~T. and {Dotson}, J.~L. and {Gazis}, P. and 
	{Haas}, M.~R. and {Kolodziejczak}, J. and {Rowe}, J.~F. and 
	{Van Cleve}, J.~E. and {Allen}, C. and {Chandrasekaran}, H. and 
	{Clarke}, B.~D. and {Li}, J. and {Quintana}, E.~V. and {Tenenbaum}, P. and 
	{Twicken}, J.~D. and {Wu}, H.},
    title = "{Kepler Mission Design, Realized Photometric Performance, and Early Science}",
  journal = {\apjl},
archivePrefix = "arXiv",
   eprint = {1001.0268},
 primaryClass = "astro-ph.EP",
 keywords = {instrumentation: photometers, planetary systems, space vehicles: instruments, stars: statistics, stars: variables: general, techniques: photometric},
     year = 2010,
    month = apr,
   volume = 713,
      eid = {L79-L86},
    pages = {L79-L86},
      doi = {10.1088/2041-8205/713/2/L79},
   adsurl = {http://adsabs.harvard.edu/abs/2010ApJ...713L..79K},
  adsnote = {Provided by the SAO/NASA Astrophysics Data System}
}

@ARTICLE{Kordopatis11,
   author = {{Kordopatis}, G. and {Recio-Blanco}, A. and {de Laverny}, P. and 
        {Gilmore}, G. and {Hill}, V. and {Wyse}, R.~F.~G. and {Helmi}, A. and 
        {Bijaoui}, A. and {Zoccali}, M. and {Bienaym{\'e}}, O.},
    title = "{A spectroscopic survey of thick disc stars outside the solar neighbourhood}",
  journal = {\aap},
archivePrefix = "arXiv",
   eprint = {1110.5221},
 keywords = {Galaxy: evolution, Galaxy: kinematics and dynamics, stars: abundances, methods: observational},
     year = 2011,
    month = nov,
   volume = 535,
      eid = {A107},
    pages = {A107},
      doi = {10.1051/0004-6361/201117373},
   adsurl = {http://adsabs.harvard.edu/abs/2011A%26A...535A.107K},
  adsnote = {Provided by the SAO/NASA Astrophysics Data System}
}

@ARTICLE{Davis10,
   author = {{Davis}, P.~J. and {Kolb}, U. and {Willems}, B.},
    title = "{A comprehensive population synthesis study of post-common envelope binaries}",
  journal = {\mnras},
archivePrefix = "arXiv",
   eprint = {0903.4152},
 primaryClass = "astro-ph.SR",
 keywords = {methods: numerical, methods: statistical, binaries: close, stars: evolution},
     year = 2010,
    month = mar,
   volume = 403,
    pages = {179-195},
      doi = {10.1111/j.1365-2966.2009.16138.x},
   adsurl = {http://adsabs.harvard.edu/abs/2010MNRAS.403..179D},
  adsnote = {Provided by the SAO/NASA Astrophysics Data System}
}

@ARTICLE{Jackson10,
   author = {{Jackson}, R.~J. and {Jeffries}, R.~D.},
    title = "{Are the spin axes of stars randomly aligned within a cluster?}",
  journal = {\mnras},
archivePrefix = "arXiv",
   eprint = {0911.1075},
 primaryClass = "astro-ph.SR",
     year = 2010,
    month = feb,
   volume = 402,
    pages = {1380-1390},
      doi = {10.1111/j.1365-2966.2009.15983.x},
   adsurl = {http://adsabs.harvard.edu/abs/2010MNRAS.402.1380J},
  adsnote = {Provided by the SAO/NASA Astrophysics Data System}
}

@ARTICLE{Raghavan10,
   author = {{Raghavan}, D. and {McAlister}, H.~A. and {Henry}, T.~J. and 
	{Latham}, D.~W. and {Marcy}, G.~W. and {Mason}, B.~D. and {Gies}, D.~R. and 
	{White}, R.~J. and {ten Brummelaar}, T.~A.},
    title = "{A Survey of Stellar Families: Multiplicity of Solar-type Stars}",
  journal = {\apjs},
archivePrefix = "arXiv",
   eprint = {1007.0414},
 primaryClass = "astro-ph.SR",
 keywords = {binaries: general, planetary systems, stars: solar-type, stars: statistics, surveys},
     year = 2010,
    month = sep,
   volume = 190,
    pages = {1-42},
      doi = {10.1088/0067-0049/190/1/1},
   adsurl = {http://adsabs.harvard.edu/abs/2010ApJS..190....1R},
  adsnote = {Provided by the SAO/NASA Astrophysics Data System}
}


@ARTICLE{Schreiber10,
   author = {{Schreiber}, M.~R. and {G{\"a}nsicke}, B.~T. and {Rebassa-Mansergas}, A. and 
	{Nebot Gomez-Moran}, A. and {Southworth}, J. and {Schwope}, A.~D. and 
	{M{\"u}ller}, M. and {Papadaki}, C. and {Pyrzas}, S. and {Rabitz}, A. and 
	{Rodr{\'{\i}}guez-Gil}, P. and {Schmidtobreick}, L. and {Schwarz}, R. and 
	{Tappert}, C. and {Toloza}, O. and {Vogel}, J. and {Zorotovic}, M.
	},
    title = "{Post common envelope binaries from SDSS. VIII. Evidence for disrupted magnetic braking}",
  journal = {\aap},
 keywords = {binaries: close, magnetic fields, stars: low mass, white dwarfs},
     year = 2010,
    month = apr,
   volume = 513,
      eid = {L7},
    pages = {L7},
      doi = {10.1051/0004-6361/201013990},
   adsurl = {http://adsabs.harvard.edu/abs/2010A%26A...513L...7S},
  adsnote = {Provided by the SAO/NASA Astrophysics Data System}
}




@ARTICLE{RebassaMansergas10,
   author = {{Rebassa-Mansergas}, A. and {G{\"a}nsicke}, B.~T. and {Schreiber}, M.~R. and 
	{Koester}, D. and {Rodr{\'{\i}}guez-Gil}, P.},
    title = "{Post-common envelope binaries from SDSS - VII. A catalogue of white dwarf-main sequence binaries}",
  journal = {\mnras},
archivePrefix = "arXiv",
   eprint = {0910.4406},
 primaryClass = "astro-ph.SR",
 keywords = {stars: AGB and post-AGB, binaries: close, binaries: spectroscopic, stars: low-mass, brown dwarfs, white dwarfs},
     year = 2010,
    month = feb,
   volume = 402,
    pages = {620-640},
      doi = {10.1111/j.1365-2966.2009.15915.x},
   adsurl = {http://adsabs.harvard.edu/abs/2010MNRAS.402..620R},
  adsnote = {Provided by the SAO/NASA Astrophysics Data System}
}

@INPROCEEDINGS{Wilson10,
   author = {{Wilson}, J.~C. and {Hearty}, F. and {Skrutskie}, M.~F. and 
        {Majewski}, S. and {Schiavon}, R. and {Eisenstein}, D. and {Gunn}, J. and 
        {Blank}, B. and {Henderson}, C. and {Smee}, S. and {Barkhouser}, R. and 
        {Harding}, A. and {Fitzgerald}, G. and {Stolberg}, T. and {Arns}, J. and 
        {Nelson}, M. and {Brunner}, S. and {Burton}, A. and {Walker}, E. and 
        {Lam}, C. and {Maseman}, P. and {Barr}, J. and {Leger}, F. and 
        {Carey}, L. and {MacDonald}, N. and {Horne}, T. and {Young}, E. and 
        {Rieke}, G. and {Rieke}, M. and {O'Brien}, T. and {Hope}, S. and 
        {Krakula}, J. and {Crane}, J. and {Zhao}, B. and {Carr}, M. and 
        {Harrison}, C. and {Stoll}, R. and {Vernieri}, M.~A. and {Holtzman}, J. and 
        {Shetrone}, M. and {Allende-Prieto}, C. and {Johnson}, J. and 
        {Frinchaboy}, P. and {Zasowski}, G. and {Bizyaev}, D. and {Gillespie}, B. and 
        {Weinberg}, D.},
    title = "{The Apache Point Observatory Galactic Evolution Experiment (APOGEE) high-resolution near-infrared multi-object fiber spectrograph}",
booktitle = {Ground-based and Airborne Instrumentation for Astronomy III},
     year = 2010,
   series = {\procspie},
   volume = 7735,
    month = jul,
      eid = {77351C},
    pages = {77351C},
      doi = {10.1117/12.856708},
   adsurl = {http://adsabs.harvard.edu/abs/2010SPIE.7735E..1CW},
  adsnote = {Provided by the SAO/NASA Astrophysics Data System}
}

@ARTICLE{Hartman09,
   author = {{Hartman}, J.~D. and {Gaudi}, B.~S. and {Pinsonneault}, M.~H. and 
        {Stanek}, K.~Z. and {Holman}, M.~J. and {McLeod}, B.~A. and 
        {Meibom}, S. and {Barranco}, J.~A. and {Kalirai}, J.~S.},
    title = "{Deep MMT Transit Survey of the Open Cluster M37. III. Stellar Rotation at 550 Myr}",
  journal = {\apj},
archivePrefix = "arXiv",
   eprint = {0803.1488},
 keywords = {open clusters and associations: individual: M37, stars: low-mass, brown dwarfs, stars: rotation, stars: spots, stars: variables: other},
     year = 2009,
    month = jan,
   volume = 691,
    pages = {342-364},
      doi = {10.1088/0004-637X/691/1/342},
   adsurl = {http://adsabs.harvard.edu/abs/2009ApJ...691..342H},
  adsnote = {Provided by the SAO/NASA Astrophysics Data System}
}



@ARTICLE{Jackson09,
   author = {{Jackson}, R.~J. and {Jeffries}, R.~D. and {Maxted}, P.~F.~L.
        },
    title = "{The radii of M-dwarfs in the young open cluster NGC 2516}",
  journal = {\mnras},
archivePrefix = "arXiv",
   eprint = {0908.1406},
 primaryClass = "astro-ph.SR",
 keywords = {stars: fundamental parameters , stars: spots , open clusters and associations: individual: NGC 2516},
     year = 2009,
    month = oct,
   volume = 399,
    pages = {L89-L93},
      doi = {10.1111/j.1745-3933.2009.00729.x},
   adsurl = {http://adsabs.harvard.edu/abs/2009MNRAS.399L..89J},
  adsnote = {Provided by the SAO/NASA Astrophysics Data System}
}



@ARTICLE{Sarajedini09,
   author = {{Sarajedini}, A. and {Dotter}, A. and {Kirkpatrick}, A.},
    title = "{Deep 2MASS Photometry of M67 and Calibration of the Main-Sequence J - K$_{S}$ Color Difference as an Age Indicator}",
  journal = {\apj},
archivePrefix = "arXiv",
   eprint = {0904.2907},
 primaryClass = "astro-ph.SR",
 keywords = {Hertzsprung-Russell diagram, infrared: stars, open clusters and associations: individual: M67, stars: abundances, stars: evolution, stars: low-mass, brown dwarfs},
     year = 2009,
    month = jun,
   volume = 698,
    pages = {1872-1878},
      doi = {10.1088/0004-637X/698/2/1872},
   adsurl = {http://adsabs.harvard.edu/abs/2009ApJ...698.1872S},
  adsnote = {Provided by the SAO/NASA Astrophysics Data System}
}

@ARTICLE{Dotter08,
   author = {{Dotter}, A. and {Chaboyer}, B. and {Jevremovi{\'c}}, D. and 
        {Kostov}, V. and {Baron}, E. and {Ferguson}, J.~W.},
    title = "{The Dartmouth Stellar Evolution Database}",
  journal = {\apjs},
archivePrefix = "arXiv",
   eprint = {0804.4473},
 keywords = {globular clusters: general, open clusters and associations: general, stars: evolution},
     year = 2008,
    month = sep,
   volume = 178,
      eid = {89-101},
    pages = {89-101},
      doi = {10.1086/589654},
   adsurl = {http://adsabs.harvard.edu/abs/2008ApJS..178...89D},
  adsnote = {Provided by the SAO/NASA Astrophysics Data System}
}

@ARTICLE{Juric08,
   author = {{Juri{\'c}}, M. and {Ivezi{\'c}}, {\v Z}. and {Brooks}, A. and 
        {Lupton}, R.~H. and {Schlegel}, D. and {Finkbeiner}, D. and 
        {Padmanabhan}, N. and {Bond}, N. and {Sesar}, B. and {Rockosi}, C.~M. and 
        {Knapp}, G.~R. and {Gunn}, J.~E. and {Sumi}, T. and {Schneider}, D.~P. and 
        {Barentine}, J.~C. and {Brewington}, H.~J. and {Brinkmann}, J. and 
        {Fukugita}, M. and {Harvanek}, M. and {Kleinman}, S.~J. and 
        {Krzesinski}, J. and {Long}, D. and {Neilsen}, Jr., E.~H. and 
        {Nitta}, A. and {Snedden}, S.~A. and {York}, D.~G.},
    title = "{The Milky Way Tomography with SDSS. I. Stellar Number Density Distribution}",
  journal = {\apj},
   eprint = {astro-ph/0510520},
 keywords = {Galaxy: disk, Galaxy: fundamental parameters, Galaxy: halo, Galaxy: structure},
     year = 2008,
    month = feb,
   volume = 673,
      eid = {864-914},
    pages = {864-914},
      doi = {10.1086/523619},
   adsurl = {http://adsabs.harvard.edu/abs/2008ApJ...673..864J},
  adsnote = {Provided by the SAO/NASA Astrophysics Data System}
}

@ARTICLE{Mamajek08,
   author = {{Mamajek}, E.~E. and {Hillenbrand}, L.~A.},
    title = "{Improved Age Estimation for Solar-Type Dwarfs Using Activity-Rotation Diagnostics}",
  journal = {\apj},
archivePrefix = "arXiv",
   eprint = {0807.1686},
 keywords = {stars: activity, stars: chromospheres, stars: coronae, stars: fundamental parameters, stars: rotation, X-rays: stars},
     year = 2008,
    month = nov,
   volume = 687,
      eid = {1264-1293},
    pages = {1264-1293},
      doi = {10.1086/591785},
   adsurl = {http://adsabs.harvard.edu/abs/2008ApJ...687.1264M},
  adsnote = {Provided by the SAO/NASA Astrophysics Data System}
}



@ARTICLE{Barnes07,
   author = {{Barnes}, S.~A.},
    title = "{Ages for Illustrative Field Stars Using Gyrochronology: Viability, Limitations, and Errors}",
  journal = {\apj},
archivePrefix = "arXiv",
   eprint = {0704.3068},
 keywords = {Galaxy: Open Clusters and Associations: General, Stars: Activity, Stars: Evolution, Stars: Late-Type, Stars: Magnetic Fields, Stars: Rotation},
     year = 2007,
    month = nov,
   volume = 669,
    pages = {1167-1189},
      doi = {10.1086/519295},
   adsurl = {http://adsabs.harvard.edu/abs/2007ApJ...669.1167B},
  adsnote = {Provided by the SAO/NASA Astrophysics Data System}
}

@ARTICLE{Holmberg07,
   author = {{Holmberg}, J. and {Nordstr{\"o}m}, B. and {Andersen}, J.},
    title = "{The Geneva-Copenhagen survey of the Solar neighbourhood II. New uvby calibrations and rediscussion of stellar ages, the G dwarf problem, age-metallicity diagram, and heating mechanisms of the disk}",
  journal = {\aap},
archivePrefix = "arXiv",
   eprint = {0707.1891},
 keywords = {Galaxy: stellar content, Galaxy: solar neighbourhood, Galaxy: disk, Galaxy: kinematics and dynamics, Galaxy: evolution, stars: fundamental parameters},
     year = 2007,
    month = nov,
   volume = 475,
    pages = {519-537},
      doi = {10.1051/0004-6361:20077221},
   adsurl = {http://adsabs.harvard.edu/abs/2007A%26A...475..519H},
  adsnote = {Provided by the SAO/NASA Astrophysics Data System}
}


@ARTICLE{Jeffries07,
   author = {{Jeffries}, R.~D.},
    title = "{Using rotation rates to probe age spreads in the Orion Nebula Cluster}",
  journal = {\mnras},
archivePrefix = "arXiv",
   eprint = {0707.4641},
 keywords = {methods: statistical, stars: formation, open clusters and associations: M42},
     year = 2007,
    month = nov,
   volume = 381,
    pages = {1169-1178},
      doi = {10.1111/j.1365-2966.2007.12304.x},
   adsurl = {http://adsabs.harvard.edu/abs/2007MNRAS.381.1169J},
  adsnote = {Provided by the SAO/NASA Astrophysics Data System}
}



@ARTICLE{Andronov06,
   author = {{Andronov}, N. and {Pinsonneault}, M.~H. and {Terndrup}, D.~M.
        },
    title = "{Mergers of Close Primordial Binaries}",
  journal = {\apj},
   eprint = {astro-ph/0509309},
 keywords = {Stars: Binaries: Close, Stars: Blue Stragglers, Galaxy: Open Clusters and Associations: Individual: Messier Number: M67, Stars: Evolution},
     year = 2006,
    month = aug,
   volume = 646,
    pages = {1160-1178},
      doi = {10.1086/505127},
   adsurl = {http://adsabs.harvard.edu/abs/2006ApJ...646.1160A},
  adsnote = {Provided by the SAO/NASA Astrophysics Data System}
}



@ARTICLE{Bjork06,
   author = {{Bjork}, S.~R. and {Chaboyer}, B.},
    title = "{Theoretical Uncertainties in Red Giant Branch Evolution: The Red Giant Branch Bump}",
  journal = {\apj},
   eprint = {astro-ph/0512508},
 keywords = {Galaxy: Globular Clusters: General, Stars: Evolution, Stars: Interiors, Stars: Luminosity Function, Mass Function},
     year = 2006,
    month = apr,
   volume = 641,
    pages = {1102-1112},
      doi = {10.1086/500505},
   adsurl = {http://adsabs.harvard.edu/abs/2006ApJ...641.1102B},
  adsnote = {Provided by the SAO/NASA Astrophysics Data System}
}


@ARTICLE{Gunn06,
   author = {{Gunn}, J.~E. and {Siegmund}, W.~A. and {Mannery}, E.~J. and 
        {Owen}, R.~E. and {Hull}, C.~L. and {Leger}, R.~F. and {Carey}, L.~N. and 
        {Knapp}, G.~R. and {York}, D.~G. and {Boroski}, W.~N. and {Kent}, S.~M. and 
        {Lupton}, R.~H. and {Rockosi}, C.~M. and {Evans}, M.~L. and 
        {Waddell}, P. and {Anderson}, J.~E. and {Annis}, J. and {Barentine}, J.~C. and 
        {Bartoszek}, L.~M. and {Bastian}, S. and {Bracker}, S.~B. and 
        {Brewington}, H.~J. and {Briegel}, C.~I. and {Brinkmann}, J. and 
        {Brown}, Y.~J. and {Carr}, M.~A. and {Czarapata}, P.~C. and 
        {Drennan}, C.~C. and {Dombeck}, T. and {Federwitz}, G.~R. and 
        {Gillespie}, B.~A. and {Gonzales}, C. and {Hansen}, S.~U. and 
        {Harvanek}, M. and {Hayes}, J. and {Jordan}, W. and {Kinney}, E. and 
        {Klaene}, M. and {Kleinman}, S.~J. and {Kron}, R.~G. and {Kresinski}, J. and 
        {Lee}, G. and {Limmongkol}, S. and {Lindenmeyer}, C.~W. and 
        {Long}, D.~C. and {Loomis}, C.~L. and {McGehee}, P.~M. and {Mantsch}, P.~M. and 
        {Neilsen}, Jr., E.~H. and {Neswold}, R.~M. and {Newman}, P.~R. and 
        {Nitta}, A. and {Peoples}, Jr., J. and {Pier}, J.~R. and {Prieto}, P.~S. and 
        {Prosapio}, A. and {Rivetta}, C. and {Schneider}, D.~P. and 
        {Snedden}, S. and {Wang}, S.-i.},
    title = "{The 2.5 m Telescope of the Sloan Digital Sky Survey}",
  journal = {\aj},
   eprint = {astro-ph/0602326},
 keywords = {Surveys, Telescopes},
     year = 2006,
    month = apr,
   volume = 131,
    pages = {2332-2359},
      doi = {10.1086/500975},
   adsurl = {http://adsabs.harvard.edu/abs/2006AJ....131.2332G},
  adsnote = {Provided by the SAO/NASA Astrophysics Data System}
}


@ARTICLE{Pinsonneault06,
   author = {{Pinsonneault}, M.~H. and {Stanek}, K.~Z.},
    title = "{Binaries Like to Be Twins: Implications for Doubly Degenerate Binaries, the Type Ia Supernova Rate, and Other Interacting Binaries}",
  journal = {\apjl},
   eprint = {astro-ph/0511193},
 keywords = {Stars: Binaries: Eclipsing, Stars: Early-Type, Stars: Formation, Stars: Supernovae: General},
     year = 2006,
    month = mar,
   volume = 639,
    pages = {L67-L70},
      doi = {10.1086/502799},
   adsurl = {http://adsabs.harvard.edu/abs/2006ApJ...639L..67P},
  adsnote = {Provided by the SAO/NASA Astrophysics Data System}
}

@ARTICLE{Fisher05,
   author = {{Fisher}, J. and {Schr{\"o}der}, K.-P. and {Smith}, R.~C.},
    title = "{What a local sample of spectroscopic binaries can tell us about the field binary population}",
  journal = {\mnras},
   eprint = {astro-ph/0508651},
 keywords = {binaries: general, binaries: spectroscopic, stars: statistics},
     year = 2005,
    month = aug,
   volume = 361,
    pages = {495-503},
      doi = {10.1111/j.1365-2966.2005.09193.x},
   adsurl = {http://adsabs.harvard.edu/abs/2005MNRAS.361..495F},
  adsnote = {Provided by the SAO/NASA Astrophysics Data System}
}



@ARTICLE{Meibom05,
   author = {{Meibom}, S. and {Mathieu}, R.~D.},
    title = "{A Robust Measure of Tidal Circularization in Coeval Binary Populations: The Solar-Type Spectroscopic Binary Population in the Open Cluster M35}",
  journal = {\apj},
   eprint = {astro-ph/0412147},
 keywords = {Stars: Binaries: Spectroscopic, Galaxy: Open Clusters and Associations: General},
     year = 2005,
    month = feb,
   volume = 620,
    pages = {970-983},
      doi = {10.1086/427082},
   adsurl = {http://adsabs.harvard.edu/abs/2005ApJ...620..970M},
  adsnote = {Provided by the SAO/NASA Astrophysics Data System}
}

@ARTICLE{Castelli04,
   author = {{Castelli}, F. and {Kurucz}, R.~L.},
    title = "{New Grids of ATLAS9 Model Atmospheres}",
  journal = {ArXiv Astrophysics e-prints},
   eprint = {astro-ph/0405087},
 keywords = {Astrophysics},
     year = 2004,
    month = may,
   adsurl = {http://adsabs.harvard.edu/abs/2004astro.ph..5087C},
  adsnote = {Provided by the SAO/NASA Astrophysics Data System}
}


@ARTICLE{Sandquist04,
   author = {{Sandquist}, E.~L.},
    title = "{A high relative precision colour-magnitude diagram of M67}",
  journal = {\mnras},
   eprint = {astro-ph/0308547},
 keywords = {convection, stars: distances, stars: evolution, stars: fundamental parameters, open clusters and associations: individual: NGC 2682},
     year = 2004,
    month = jan,
   volume = 347,
    pages = {101-118},
      doi = {10.1111/j.1365-2966.2004.07174.x},
   adsurl = {http://adsabs.harvard.edu/abs/2004MNRAS.347..101S},
  adsnote = {Provided by the SAO/NASA Astrophysics Data System}
}

@ARTICLE{Halbwachs03,
   author = {{Halbwachs}, J.~L. and {Mayor}, M. and {Udry}, S. and {Arenou}, F.
	},
    title = "{Multiplicity among solar-type stars. III. Statistical properties of the F7-K binaries with periods up to 10 years}",
  journal = {\aap},
 keywords = {stars: binaries: general, stars: binaries: spectroscopic, stars: formation, stars: low-mass, brown dwarfs},
     year = 2003,
    month = jan,
   volume = 397,
    pages = {159-175},
      doi = {10.1051/0004-6361:20021507},
   adsurl = {http://adsabs.harvard.edu/abs/2003A%26A...397..159H},
  adsnote = {Provided by the SAO/NASA Astrophysics Data System}
}

@ARTICLE{Gunther02,
   author = {{G{\"u}nther}, R. and {Kley}, W.},
    title = "{Circumbinary disk evolution}",
  journal = {\aap},
   eprint = {astro-ph/0204175},
 keywords = {accretion, accretion disks, binaries: general, hydrodynamics, methods: numerical},
     year = 2002,
    month = may,
   volume = 387,
    pages = {550-559},
      doi = {10.1051/0004-6361:20020407},
   adsurl = {http://adsabs.harvard.edu/abs/2002A%26A...387..550G},
  adsnote = {Provided by the SAO/NASA Astrophysics Data System}
}

@INPROCEEDINGS{Bodenheimer01,
   author = {{Bodenheimer}, P. and {Burkert}, A.},
    title = "{Formation of Wide Binaries by Fragmentation}",
booktitle = {The Formation of Binary Stars},
     year = 2001,
   series = {IAU Symposium},
   volume = 200,
   editor = {{Zinnecker}, H. and {Mathieu}, R.},
    pages = {13},
   adsurl = {http://adsabs.harvard.edu/abs/2001IAUS..200...13B},
  adsnote = {Provided by the SAO/NASA Astrophysics Data System}
}


@ARTICLE{Chaboyer01,
   author = {{Chaboyer}, B. and {Fenton}, W.~H. and {Nelan}, J.~E. and {Patnaude}, D.~J. and 
        {Simon}, F.~E.},
    title = "{Heavy-Element Diffusion in Metal-poor Stars}",
  journal = {\apj},
   eprint = {astro-ph/0108119},
 keywords = {Diffusion, Galaxy: Globular Clusters: Individual: NGC Number: NGC 6397, Stars: Abundances, Stars: Evolution, Stars: Subdwarfs},
     year = 2001,
    month = nov,
   volume = 562,
    pages = {521-527},
      doi = {10.1086/323872},
   adsurl = {http://adsabs.harvard.edu/abs/2001ApJ...562..521C},
  adsnote = {Provided by the SAO/NASA Astrophysics Data System}
}

@INPROCEEDINGS{Clarke01,
   author = {{Clarke}, C.~J.},
    title = "{What Can Observations of Young Binaries Tell Us about Binary Formation?}",
booktitle = {The Formation of Binary Stars},
     year = 2001,
   series = {IAU Symposium},
   volume = 200,
   editor = {{Zinnecker}, H. and {Mathieu}, R.},
    pages = {346},
   adsurl = {http://adsabs.harvard.edu/abs/2001IAUS..200..346C},
  adsnote = {Provided by the SAO/NASA Astrophysics Data System}
}

@ARTICLE{Messina01,
   author = {{Messina}, S. and {Rodon{\`o}}, M. and {Guinan}, E.~F.},
    title = "{The ``rotation-activity connection'': Its extension to photospheric activity diagnostics}",
  journal = {\aap},
 keywords = {STARS: ACTIVITY, LATE-TYPE, MAGNETIC FIELDS, ROTATION, STARSPOTS},
     year = 2001,
    month = jan,
   volume = 366,
    pages = {215-228},
      doi = {10.1051/0004-6361:20000201},
   adsurl = {http://adsabs.harvard.edu/abs/2001A%26A...366..215M},
  adsnote = {Provided by the SAO/NASA Astrophysics Data System}
}


@ARTICLE{Rhode01,
   author = {{Rhode}, K.~L. and {Herbst}, W. and {Mathieu}, R.~D.},
    title = "{Rotational Velocities and Radii of Pre-Main-Sequence Stars in the Orion Nebula Cluster}",
  journal = {\aj},
   eprint = {astro-ph/0109418},
 keywords = {Stars: Fundamental Parameters, Stars: Pre-Main-Sequence, Stars: Rotation},
     year = 2001,
    month = dec,
   volume = 122,
    pages = {3258-3279},
      doi = {10.1086/324448},
   adsurl = {http://adsabs.harvard.edu/abs/2001AJ....122.3258R},
  adsnote = {Provided by the SAO/NASA Astrophysics Data System}
}



@ARTICLE{Girardi00,
   author = {{Girardi}, L. and {Bressan}, A. and {Bertelli}, G. and {Chiosi}, C.
        },
    title = "{Evolutionary tracks and isochrones for low- and intermediate-mass stars: From 0.15 to 7 M$_{sun}$, and from Z=0.0004 to 0.03}",
  journal = {\aaps},
   eprint = {astro-ph/9910164},
 keywords = {STARS: EVOLUTION, STARS: INTERIORS, STARS: HERTZSPRUNG-RUSSELL (HR) DIAGRAM, STARS: LOW-MASS},
     year = 2000,
    month = feb,
   volume = 141,
    pages = {371-383},
      doi = {10.1051/aas:2000126},
   adsurl = {http://adsabs.harvard.edu/abs/2000A%26AS..141..371G},
  adsnote = {Provided by the SAO/NASA Astrophysics Data System}
}

@ARTICLE{Tokovinin00,
   author = {{Tokovinin}, A.~A.},
    title = "{On the origin of binaries with twin components}",
  journal = {\aap},
 keywords = {STARS: BINARIES: CLOSE, STARS: BINARIES: GENERAL, STARS: FORMATION},
     year = 2000,
    month = aug,
   volume = 360,
    pages = {997-1002},
   adsurl = {http://adsabs.harvard.edu/abs/2000A%26A...360..997T},
  adsnote = {Provided by the SAO/NASA Astrophysics Data System}
}

@ARTICLE{Bate00,
   author = {{Bate}, M.~R.},
    title = "{Predicting the properties of binary stellar systems: the evolution of accreting protobinary systems}",
  journal = {\mnras},
   eprint = {astro-ph/0002143},
 keywords = {ACCRETION, ACCRETION DISCS, BINARIES: GENERAL, CIRCUMSTELLAR MATTER, STARS: FORMATION, STARS: LOW-MASS, BROWN DWARFS, STARS: LUMINOSITY FUNCTION, MASS FUNCTION},
     year = 2000,
    month = may,
   volume = 314,
    pages = {33-53},
      doi = {10.1046/j.1365-8711.2000.03333.x},
   adsurl = {http://adsabs.harvard.edu/abs/2000MNRAS.314...33B},
  adsnote = {Provided by the SAO/NASA Astrophysics Data System}
}

@ARTICLE{Kahler99,
   author = {{K{\"a}hler}, H.},
    title = "{Statistics of binaries in the Pleiades cluster}",
  journal = {\aap},
 keywords = {METHODS: DATA ANALYSIS, METHODS: STATISTICAL, TECHNIQUES: PHOTOMETRIC, STARS: BINARIES: GENERAL, GALAXY: OPEN CLUSTERS AND ASSOCIATIONS: INDIVIDUAL: PLEIADES},
     year = 1999,
    month = jun,
   volume = 346,
    pages = {67-81},
   adsurl = {http://adsabs.harvard.edu/abs/1999A%26A...346...67K},
  adsnote = {Provided by the SAO/NASA Astrophysics Data System}
}

@ARTICLE{Stepien95,
   author = {{Stepien}, K.},
    title = "{Loss of angular momentum of cool close binaries and formation of contact systems}",
  journal = {\mnras},
 keywords = {STARS: ACTIVITY, BINARIES: CLOSE, STARS: LATE-TYPE, STARS: MASS-LOSS, STARS: ROTATION, OPEN CLUSTERS AND ASSOCIATIONS: GENERAL},
     year = 1995,
    month = jun,
   volume = 274,
    pages = {1019-1028},
      doi = {10.1093/mnras/274.4.1019},
   adsurl = {http://adsabs.harvard.edu/abs/1995MNRAS.274.1019S},
  adsnote = {Provided by the SAO/NASA Astrophysics Data System}
}



@ARTICLE{Bonnell94,
   author = {{Bonnell}, I.~A. and {Bate}, M.~R.},
    title = "{The Formation of Close Binary Systems}",
  journal = {\mnras},
   eprint = {astro-ph/9411081},
 keywords = {ACCRETION DISKS, BINARY STARS, COMPUTATIONAL ASTROPHYSICS, STAR FORMATION, PRE-MAIN SEQUENCE STARS, PROTOSTARS, HYDRODYNAMICS},
     year = 1994,
    month = dec,
   volume = 271,
      doi = {10.1093/mnras/271.4.999},
   adsurl = {http://adsabs.harvard.edu/abs/1994MNRAS.271..999B},
  adsnote = {Provided by the SAO/NASA Astrophysics Data System}
}

@ARTICLE{Artymowicz94,
   author = {{Artymowicz}, P. and {Lubow}, S.~H.},
    title = "{Dynamics of binary-disk interaction. 1: Resonances and disk gap sizes}",
  journal = {\apj},
 keywords = {Accretion Disks, Binary Stars, Orbital Resonances (Celestial Mechanics), Pre-Main Sequence Stars, Stellar Envelopes, Stellar Gravitation, Stellar Mass Accretion, Stellar Systems, Astronomical Spectroscopy, Stellar Models, Stellar Spectra},
     year = 1994,
    month = feb,
   volume = 421,
    pages = {651-667},
      doi = {10.1086/173679},
   adsurl = {http://adsabs.harvard.edu/abs/1994ApJ...421..651A},
  adsnote = {Provided by the SAO/NASA Astrophysics Data System}
}

@ARTICLE{Boffin93,
   author = {{Boffin}, H.~M.~J. and {Cerf}, N. and {Paulus}, G.},
    title = "{Statistical Analysis of a Sample of Spectroscopic Binaries Containing Late Type Giants}",
  journal = {\aap},
 keywords = {stars: binaries: spectroscopic, stars: giant, stars: barium},
     year = 1993,
    month = apr,
   volume = 271,
    pages = {125},
   adsurl = {http://adsabs.harvard.edu/abs/1993A%26A...271..125B},
  adsnote = {Provided by the SAO/NASA Astrophysics Data System}
}



@ARTICLE{Montgomery93,
   author = {{Montgomery}, K.~A. and {Marschall}, L.~A. and {Janes}, K.~A.
        },
    title = "{CCD photometry of the old open cluster M67}",
  journal = {\aj},
 keywords = {Astronomical Photometry, Charge Coupled Devices, Color-Magnitude Diagram, Open Clusters, Sky Surveys (Astronomy), Ubv Spectra, Interstellar Extinction, Main Sequence Stars, Solar Oscillations, Stellar Oscillations},
     year = 1993,
    month = jul,
   volume = 106,
    pages = {181-219},
      doi = {10.1086/116628},
   adsurl = {http://adsabs.harvard.edu/abs/1993AJ....106..181M},
  adsnote = {Provided by the SAO/NASA Astrophysics Data System}
}



@ARTICLE{Mazeh92,
   author = {{Mazeh}, T. and {Goldberg}, D. and {Duquennoy}, A. and {Mayor}, M.
	},
    title = "{On the mass-ratio distribution of spectroscopic binaries with solar-type primaries}",
  journal = {\apj},
 keywords = {Binary Stars, G Stars, Mass Ratios, Stellar Mass, Dwarf Stars, Radial Velocity, Sky Surveys (Astronomy), Statistical Analysis},
     year = 1992,
    month = dec,
   volume = 401,
    pages = {265-268},
      doi = {10.1086/172058},
   adsurl = {http://adsabs.harvard.edu/abs/1992ApJ...401..265M},
  adsnote = {Provided by the SAO/NASA Astrophysics Data System}
}

@ARTICLE{Artymowicz91,
   author = {{Artymowicz}, P. and {Clarke}, C.~J. and {Lubow}, S.~H. and 
	{Pringle}, J.~E.},
    title = "{The effect of an external disk on the orbital elements of a central binary}",
  journal = {\apjl},
 keywords = {Binary Stars, Stellar Evolution, Stellar Orbits, Accretion Disks, Eccentricity, Gravitational Effects, Stellar Mass, Stellar Models},
     year = 1991,
    month = mar,
   volume = 370,
    pages = {L35-L38},
      doi = {10.1086/185971},
   adsurl = {http://adsabs.harvard.edu/abs/1991ApJ...370L..35A},
  adsnote = {Provided by the SAO/NASA Astrophysics Data System}
}

@ARTICLE{Halbwachs87,
   author = {{Halbwachs}, J.~L.},
    title = "{Distribution of mass ratios in spectroscopic binaries}",
  journal = {\aap},
 keywords = {Binary Stars, Distribution (Property), Main Sequence Stars, Mass Ratios, Star Formation},
     year = 1987,
    month = sep,
   volume = 183,
    pages = {234-240},
   adsurl = {http://adsabs.harvard.edu/abs/1987A%26A...183..234H},
  adsnote = {Provided by the SAO/NASA Astrophysics Data System}
}

@ARTICLE{Basri87,
   author = {{Basri}, G.},
    title = "{Stellar activity in synchronized binaries. II - A correlation analysis with single stars}",
  journal = {\apj},
 keywords = {Binary Stars, Chromosphere, Cool Stars, Stellar Activity, Stellar Atmospheres, Dwarf Stars, Iue, Stellar Gravitation, Stellar Luminosity, Stellar Orbits, Stellar Rotation},
     year = 1987,
    month = may,
   volume = 316,
    pages = {377-388},
      doi = {10.1086/165207},
   adsurl = {http://adsabs.harvard.edu/abs/1987ApJ...316..377B},
  adsnote = {Provided by the SAO/NASA Astrophysics Data System}
}

@ARTICLE{Stauffer87,
   author = {{Stauffer}, J.~R. and {Hartmann}, L.~W.},
    title = "{The distribution of rotational velocities for low-mass stars in the Pleiades}",
  journal = {\apj},
 keywords = {Angular Velocity, Dwarf Stars, Late Stars, Pleiades Cluster, Star Clusters, Stellar Mass, Stellar Rotation, Angular Momentum, H Alpha Line, Interstellar Extinction, K Stars, Pre-Main Sequence Stars, Stellar Evolution, Stellar Spectrophotometry},
     year = 1987,
    month = jul,
   volume = 318,
    pages = {337-355},
      doi = {10.1086/165371},
   adsurl = {http://adsabs.harvard.edu/abs/1987ApJ...318..337S},
  adsnote = {Provided by the SAO/NASA Astrophysics Data System}
}

@ARTICLE{Gehrels86,
   author = {{Gehrels}, N.},
    title = "{Confidence limits for small numbers of events in astrophysical data}",
  journal = {\apj},
 keywords = {Astrophysics, Binomial Theorem, Confidence Limits, Data Processing, Poisson Density Functions, Approximation, Tables (Data)},
     year = 1986,
    month = apr,
   volume = 303,
    pages = {336-346},
      doi = {10.1086/164079},
   adsurl = {http://adsabs.harvard.edu/abs/1986ApJ...303..336G},
  adsnote = {Provided by the SAO/NASA Astrophysics Data System}
}


@ARTICLE{Basri85,
   author = {{Basri}, G. and {Laurent}, R. and {Walter}, F.~M.},
    title = "{Stellar activity in synchronized binaries. I - Dependence on rotation}",
  journal = {\apj},
 keywords = {Binary Stars, Chromosphere, Stellar Activity, Stellar Rotation, Iue, Stellar Luminosity, Stellar Orbits, Ultraviolet Spectra},
     year = 1985,
    month = nov,
   volume = 298,
    pages = {761-771},
      doi = {10.1086/163658},
   adsurl = {http://adsabs.harvard.edu/abs/1985ApJ...298..761B},
  adsnote = {Provided by the SAO/NASA Astrophysics Data System}
}


@ARTICLE{Vilhu82,
   author = {{Vilhu}, O.},
    title = "{Detached to contact scenario for the origin of W UMa stars}",
  journal = {\aap},
 keywords = {Angular Momentum, Binary Stars, Main Sequence Stars, Stellar Evolution, Stellar Rotation, Braking, Deceleration, Orbital Elements, Stellar Spectra},
     year = 1982,
    month = may,
   volume = 109,
    pages = {17-22},
   adsurl = {http://adsabs.harvard.edu/abs/1982A%26A...109...17V},
  adsnote = {Provided by the SAO/NASA Astrophysics Data System}
}



@BOOK{Krause80,
   author = {{Krause}, F. and {Raedler}, K.-H.},
    title = "{Mean-field magnetohydrodynamics and dynamo theory}",
 keywords = {Dynamo Theory, Electrodynamics, Magnetic Fields, Magnetohydrodynamic Flow, Turbulent Flow, Celestial Bodies, Electromotive Forces, Geomagnetism, Homogeneous Turbulence, Poloidal Flux, Rotating Fluids, Solar Magnetic Field, Stellar Magnetic Fields},
booktitle = {Organic Photonics and Photovoltaics},
     year = 1980,
   adsurl = {http://adsabs.harvard.edu/abs/1980opp..bookR....K},
  adsnote = {Provided by the SAO/NASA Astrophysics Data System}
}

@ARTICLE{Lucy79,
   author = {{Lucy}, L.~B. and {Ricco}, E.},
    title = "{The significance of binaries with nearly identical components}",
  journal = {\aj},
 keywords = {Binary Stars, Mass Ratios, Stellar Mass, Stellar Structure, Eclipsing Binary Stars, Gravitational Collapse, Late Stars, Main Sequence Stars, Stellar Evolution, Variable Stars},
     year = 1979,
    month = mar,
   volume = 84,
    pages = {401-412},
      doi = {10.1086/112434},
   adsurl = {http://adsabs.harvard.edu/abs/1979AJ.....84..401L},
  adsnote = {Provided by the SAO/NASA Astrophysics Data System}
}

@ARTICLE{Staniucha79,
   author = {{Staniucha}, M.},
    title = "{Statistical analysis of the Seventh Catalogue of Spectroscopic Binaries}",
  journal = {\actaa},
 keywords = {Astronomical Catalogs, Binary Stars, Orbital Elements, Statistical Analysis, Distribution Functions, Frequency Distribution, Mass Ratios},
     year = 1979,
   volume = 29,
    pages = {587-608},
   adsurl = {http://adsabs.harvard.edu/abs/1979AcA....29..587S},
  adsnote = {Provided by the SAO/NASA Astrophysics Data System}
}

@BOOK{Parker79,
   author = {{Parker}, E.~N.},
    title = "{Cosmical magnetic fields: Their origin and their activity}",
 keywords = {Cosmology, Field Theory (Physics), Interplanetary Magnetic Fields, Dynamic Characteristics, Dynamo Theory, Electric Fields, Equilibrium, Interstellar Magnetic Fields, Magnetic Disturbances, Magnetic Field Configurations, Magnetic Flux, Planetary Magnetic Fields, Solar Magnetic Field, Stellar Magnetic Fields, Tubes, Turbulent Flow},
booktitle = {Oxford, Clarendon Press; New York, Oxford University Press, 1979, 858 p.},
     year = 1979,
   adsurl = {http://adsabs.harvard.edu/abs/1979cmft.book.....P},
  adsnote = {Provided by the SAO/NASA Astrophysics Data System}
}

@ARTICLE{Trimble78,
   author = {{Trimble}, V.},
    title = "{Q(alpha) reconsidered}",
  journal = {The Observatory},
     year = 1978,
    month = aug,
   volume = 98,
    pages = {163-166},
   adsurl = {http://adsabs.harvard.edu/abs/1978Obs....98..163T},
  adsnote = {Provided by the SAO/NASA Astrophysics Data System}
}

@BOOK{Moffatt78,
   author = {{Moffatt}, H.~K.},
    title = "{Magnetic field generation in electrically conducting fluids}",
 keywords = {Astrophysics, Conducting Fluids, Dynamo Theory, Geomagnetism, Solar Magnetic Field, Buoyancy, Coriolis Effect, Electromotive Forces, Force-Free Magnetic Fields, Laminar Flow, Lorentz Force, Magnetic Field Configurations, Planetary Magnetic Fields, Stellar Magnetic Fields, Turbulence},
booktitle = {Cambridge, England, Cambridge University Press, 1978.~353 p.},
     year = 1978,
   adsurl = {http://adsabs.harvard.edu/abs/1978mfge.book.....M},
  adsnote = {Provided by the SAO/NASA Astrophysics Data System}
}

@ARTICLE{Zahn77,
   author = {{Zahn}, J.-P.},
    title = "{Tidal friction in close binary stars}",
  journal = {\aap},
 keywords = {Binary Stars, Friction Drag, Gravitational Effects, Stellar Rotation, Tides, Angular Momentum, Perturbation Theory, Stellar Structure, X Ray Binaries, X Ray Stars},
     year = 1977,
    month = may,
   volume = 57,
    pages = {383-394},
   adsurl = {http://adsabs.harvard.edu/abs/1977A%26A....57..383Z},
  adsnote = {Provided by the SAO/NASA Astrophysics Data System}
}


@ARTICLE{Abt76,
   author = {{Abt}, H.~A. and {Levy}, S.~G.},
    title = "{Multiplicity among solar-type stars}",
  journal = {\apjs},
 keywords = {Binary Stars, Radial Velocity, Stellar Spectrophotometry, Tables (Data), Least Squares Method, Orbit Calculation, Orbital Elements, Orbital Velocity, Periodic Variations, Protostars, Star Distribution, Stellar Evolution, Stellar Motions},
     year = 1976,
    month = mar,
   volume = 30,
    pages = {273-306},
      doi = {10.1086/190363},
   adsurl = {http://adsabs.harvard.edu/abs/1976ApJS...30..273A},
  adsnote = {Provided by the SAO/NASA Astrophysics Data System}
}

@ARTICLE{Trimble74,
   author = {{Trimble}, V.},
    title = "{On the distribution of binary system mass ratios}",
  journal = {\aj},
     year = 1974,
    month = sep,
   volume = 79,
    pages = {967},
      doi = {10.1086/111639},
   adsurl = {http://adsabs.harvard.edu/abs/1974AJ.....79..967T},
  adsnote = {Provided by the SAO/NASA Astrophysics Data System}
}

@ARTICLE{Skumanich72,
   author = {{Skumanich}, A.},
    title = "{Time Scales for CA II Emission Decay, Rotational Braking, and Lithium Depletion}",
  journal = {\apj},
     year = 1972,
    month = feb,
   volume = 171,
    pages = {565},
      doi = {10.1086/151310},
   adsurl = {http://adsabs.harvard.edu/abs/1972ApJ...171..565S},
  adsnote = {Provided by the SAO/NASA Astrophysics Data System}
}



@ARTICLE{Mestel68a,
   author = {{Mestel}, L.},
    title = "{Magnetic braking by a stellar wind-I}",
  journal = {\mnras},
     year = 1968,
   volume = 138,
    pages = {359},
      doi = {10.1093/mnras/138.3.359},
   adsurl = {http://adsabs.harvard.edu/abs/1968MNRAS.138..359M},
  adsnote = {Provided by the SAO/NASA Astrophysics Data System}
}

@ARTICLE{Mestel68b,
   author = {{Mestel}, L.},
    title = "{Magnetic braking by a stellar wind-II}",
  journal = {\mnras},
     year = 1968,
   volume = 140,
    pages = {177},
      doi = {10.1093/mnras/140.2.177},
   adsurl = {http://adsabs.harvard.edu/abs/1968MNRAS.140..177M},
  adsnote = {Provided by the SAO/NASA Astrophysics Data System}
}

@ARTICLE{Weber67,
   author = {{Weber}, E.~J. and {Davis}, Jr., L.},
    title = "{The Angular Momentum of the Solar Wind}",
  journal = {\apj},
     year = 1967,
    month = apr,
   volume = 148,
    pages = {217-227},
      doi = {10.1086/149138},
   adsurl = {http://adsabs.harvard.edu/abs/1967ApJ...148..217W},
  adsnote = {Provided by the SAO/NASA Astrophysics Data System}
}

